ticker,cik,fy,fp,form,filed,end,start,accn,Revenues,NetIncomeLoss,EarningsPerShareBasic,EarningsPerShareDiluted,OperatingIncomeLoss,GrossProfit,ResearchAndDevelopmentExpense,SellingGeneralAndAdministrativeExpense,Assets,Liabilities,StockholdersEquity,CashAndCashEquivalentsAtCarryingValue,NetCashProvidedByUsedInOperatingActivities,PaymentsToAcquirePropertyPlantAndEquipment,LongTermDebt,ShortTermInvestments,CostOfRevenue,OperatingExpenses,IncomeTaxExpenseBenefit,AccountsReceivableNetCurrent
ADBE,0000796343,2016,FY,10-K,2017-01-20,2014-11-28,2013-11-30,0000796343-17-000031,4147065000,268395000,0.54,0.53,412685000,3524985000,null,null,11726472000,4724892000,6724634000,834556000,1287482000,148332000,null,3111524000,622080000,3112300000,92981000,672006000
ADBE,0000796343,2016,Q1,10-Q,2016-03-30,2015-02-27,2014-11-29,0000796343-16-000290,1109181000,84888000,0.17,0.17,173025000,942383000,null,null,11726472000,4724892000,7001580000,1117400000,183015000,35546000,1907231000,3111524000,166798000,769358000,78360000,672006000
ADBE,0000796343,2016,Q2,10-Q,2016-06-29,2015-05-29,2014-11-29,0000796343-16-000352,2271339000,232381000,0.47,0.46,366642000,1919368000,null,null,11726472000,4724892000,7001580000,1117400000,654499000,71276000,1907231000,3111524000,351971000,1552726000,111841000,672006000
ADBE,0000796343,2016,Q3,10-Q,2016-09-27,2015-08-28,2014-11-29,0000796343-16-000395,3489107000,406846000,0.82,0.8,612661000,2946151000,null,null,11726472000,4724892000,7001580000,1117400000,1014987000,120260000,1907231000,3111524000,542956000,2333490000,169995000,672006000
ADBE,0000796343,2017,FY,10-K,2018-01-22,2015-11-27,2014-11-29,0000796343-18-000015,4795511000,629551000,1.26,1.24,903095000,4051194000,null,null,12697246000,5272411000,6775905000,1117400000,1469502000,184936000,null,3749985000,744317000,3148099000,244230000,833033000
ADBE,0000796343,2017,Q1,10-Q,2017-03-29,2016-03-04,2015-11-28,0000796343-17-000088,1383335000,254307000,0.51,0.5,307758000,1184763000,null,null,12697246000,5272411000,7424835000,876560000,497527000,46200000,1892200000,3749985000,198572000,877005000,38000000,833033000
ADBE,0000796343,2017,Q2,10-Q,2017-06-28,2016-06-03,2015-11-28,0000796343-17-000130,2782044000,498381000,1,0.99,651997000,2381393000,null,null,12697246000,5272411000,7424835000,876560000,986242000,99959000,1892200000,3749985000,400651000,1729396000,123756000,833033000
ADBE,0000796343,2017,Q3,10-Q,2017-09-27,2016-09-02,2015-11-28,0000796343-17-000157,4246011000,769169000,1.54,1.52,1021322000,3642659000,null,null,12697246000,5272411000,7424835000,876560000,1504127000,155172000,1892200000,3749985000,603352000,2621337000,209269000,833033000
ADBE,0000796343,2018,FY,10-K,2019-01-25,2016-12-02,2015-11-28,0000796343-19-000019,5854430000,1168782000,2.35,2.32,1493602000,5034522000,null,null,14535556000,6075687000,7001580000,876560000,2199728000,203805000,null,3513702000,819908000,3540920000,266356000,1217968000
ADBE,0000796343,2018,Q1,10-Q,2018-03-28,2017-03-03,2016-12-03,0000796343-18-000065,1681646000,398446000,0.81,0.8,468999000,1444309000,null,null,14535556000,6075687000,8459869000,1011315000,730370000,30903000,1881421000,3513702000,237337000,975310000,62186000,1217968000
ADBE,0000796343,2018,Q2,10-Q,2018-06-27,2017-06-02,2016-12-03,0000796343-18-000134,3453836000,772836000,1.56,1.54,973081000,2977139000,null,null,14535556000,6075687000,8459869000,1011315000,1375197000,86200000,1881421000,3513702000,476697000,2004058000,180414000,1217968000
ADBE,0000796343,2018,Q3,10-Q,2018-09-26,2017-09-01,2016-12-03,0000796343-18-000160,5294910000,1192405000,2.41,2.38,1518755000,4555291000,null,null,14535556000,6075687000,8459869000,1011315000,2079633000,140438000,1881421000,3513702000,739619000,3036536000,302224000,1217968000
ADBE,0000796343,2019,FY,10-K,2020-01-21,2017-12-01,2016-12-03,0000796343-20-000013,7301505000,1693954000,3.43,3.38,2168095000,6291014000,null,null,18768682000,9406568000,7424835000,1011315000,2912853000,178122000,null,1586187000,1010491000,4122919000,443687000,1315578000
ADBE,0000796343,2019,Q1,10-Q,2019-03-27,2018-03-02,2017-12-02,0000796343-19-000079,2078947000,583076000,1.18,1.17,702733000,1820045000,null,null,18768682000,9406568000,8459869000,2306072000,989601000,95142000,4124800000,1586187000,258902000,1117312000,119426000,1315578000
ADBE,0000796343,2019,Q2,10-Q,2019-06-26,2018-06-01,2017-12-02,0000796343-19-000142,4274307000,1246243000,2.53,2.5,1401217000,3734061000,null,null,18768682000,9406568000,8459869000,2306072000,1966007000,140458000,4124800000,1586187000,540246000,2332844000,147058000,1315578000
ADBE,0000796343,2019,Q3,10-Q,2019-09-26,2018-08-31,2017-12-02,0000796343-19-000165,6565383000,1912534000,3.89,3.84,2119823000,5729645000,null,null,18768682000,9406568000,8459869000,2306072000,2921311000,204016000,4124800000,1586187000,835738000,3609822000,182125000,1315578000
ADBE,0000796343,2020,FY,10-K,2021-01-15,2018-11-30,2017-12-02,0000796343-21-000004,9030000000,2591000000,5.28,5.2,2840000000,7835000000,null,null,20762000000,10232000000,8459000000,2306000000,4029000000,267000000,989000000,1527000000,1195000000,4995000000,203000000,1535000000
ADBE,0000796343,2020,Q1,10-Q,2020-03-25,2019-03-01,2018-12-01,0000796343-20-000064,2601000000,674000000,1.38,1.36,695000000,2204000000,null,null,20762000000,10232000000,9362000000,1643000000,1013000000,65000000,989000000,1527000000,397000000,1509000000,28000000,1535000000
ADBE,0000796343,2020,Q2,10-Q,2020-06-24,2019-05-31,2018-12-01,0000796343-20-000143,5345000000,1307000000,2.68,2.65,1444000000,4540000000,null,null,20762000000,10232000000,9362000000,1643000000,2123000000,211000000,989000000,1527000000,805000000,3096000000,106000000,1535000000
ADBE,0000796343,2020,Q3,10-Q,2020-09-23,2019-08-30,2018-12-01,0000796343-20-000201,8179000000,2100000000,4.31,4.26,2298000000,6958000000,null,null,20762000000,10232000000,9362000000,1643000000,3045000000,300000000,989000000,1527000000,1221000000,4660000000,148000000,1535000000
ADBE,0000796343,2021,FY,10-K,2022-01-21,2019-11-29,2018-12-01,0000796343-22-000032,11171000000,2951000000,6.07,6,3268000000,9498000000,null,null,24284000000,11020000000,9362000000,1643000000,4422000000,395000000,4117000000,1514000000,1673000000,6230000000,254000000,1398000000
ADBE,0000796343,2021,Q1,10-Q,2021-03-31,2020-02-28,2019-11-30,0000796343-21-000069,3091000000,955000000,1.98,1.96,937000000,2639000000,null,null,24284000000,11020000000,10530000000,2650000000,1325000000,94000000,4117000000,1514000000,452000000,1702000000,-36000000,1398000000
ADBE,0000796343,2021,Q2,10-Q,2021-06-30,2020-05-29,2019-11-30,0000796343-21-000159,6219000000,2055000000,4.26,4.23,1953000000,5352000000,null,null,24284000000,11020000000,10530000000,2650000000,2509000000,190000000,4117000000,1514000000,867000000,3399000000,-136000000,1398000000
ADBE,0000796343,2021,Q3,10-Q,2021-09-29,2020-08-28,2019-11-30,0000796343-21-000210,9444000000,3010000000,6.25,6.2,3022000000,8150000000,null,null,24284000000,11020000000,10530000000,2650000000,3945000000,316000000,4117000000,1514000000,1294000000,5128000000,-31000000,1398000000
ADBE,0000796343,2022,FY,10-K,2023-01-17,2020-11-27,2019-11-30,0000796343-23-000007,12868000000,5260000000,10.94,10.83,4237000000,11146000000,null,null,27241000000,12444000000,10530000000,3844000000,5727000000,419000000,4123000000,1954000000,1722000000,6909000000,-1084000000,1878000000
ADBE,0000796343,2022,Q1,10-Q,2022-03-30,2021-03-05,2020-11-28,0000796343-22-000099,3905000000,1261000000,2.63,2.61,1454000000,3458000000,null,null,27241000000,12444000000,13264000000,4478000000,1772000000,59000000,4123000000,1954000000,447000000,2004000000,172000000,1878000000
ADBE,0000796343,2022,Q2,10-Q,2022-06-29,2021-06-04,2020-11-28,0000796343-22-000157,7740000000,2377000000,4.97,4.93,2860000000,6849000000,null,null,27241000000,12444000000,13264000000,3844000000,3760000000,154000000,4123000000,1954000000,891000000,3989000000,442000000,1878000000
ADBE,0000796343,2022,Q3,10-Q,2022-09-28,2021-09-03,2020-11-28,0000796343-22-000196,11675000000,3589000000,7.51,7.45,4301000000,10317000000,null,null,27241000000,12444000000,13264000000,3844000000,5164000000,249000000,4123000000,1954000000,1358000000,6016000000,648000000,1878000000
ADBE,0000796343,2023,FY,10-K,2024-01-17,2021-12-03,2020-11-28,0000796343-24-000006,15785000000,4822000000,10.1,10.02,5802000000,13920000000,null,null,27165000000,13114000000,13264000000,4236000000,7230000000,348000000,3629000000,1860000000,1865000000,8118000000,883000000,2065000000
ADBE,0000796343,2023,Q1,10-Q,2023-03-29,2022-03-04,2021-12-04,0000796343-23-000055,4262000000,1266000000,2.68,2.66,1580000000,3750000000,null,null,27165000000,13114000000,14797000000,4236000000,1769000000,100000000,3629000000,1860000000,512000000,2170000000,277000000,2065000000
ADBE,0000796343,2023,Q2,10-Q,2023-06-28,2022-06-03,2021-12-04,0000796343-23-000153,8648000000,2444000000,5.17,5.15,3109000000,7597000000,null,null,27165000000,13114000000,14797000000,4236000000,3809000000,226000000,3629000000,1860000000,1051000000,4488000000,591000000,2065000000
ADBE,0000796343,2023,Q3,10-Q,2023-09-27,2022-09-02,2021-12-04,0000796343-23-000205,13081000000,3580000000,7.6,7.57,4593000000,11484000000,null,null,27165000000,13114000000,14797000000,4236000000,5513000000,351000000,3629000000,1860000000,1597000000,6891000000,911000000,2065000000
ADBE,0000796343,2024,FY,10-K,2025-01-13,2022-12-02,2021-12-04,0000796343-25-000004,17606000000,4756000000,10.13,10.1,6098000000,15441000000,null,null,29779000000,13261000000,14797000000,7141000000,7838000000,442000000,3634000000,701000000,2165000000,9343000000,1252000000,2224000000
ADBE,0000796343,2024,Q1,10-Q,2024-03-27,2023-03-03,2022-12-03,0000796343-24-000065,4655000000,1247000000,2.72,2.71,1586000000,4087000000,null,null,29779000000,13261000000,14051000000,7141000000,1693000000,101000000,3634000000,701000000,568000000,2501000000,351000000,2224000000
ADBE,0000796343,2024,Q2,10-Q,2024-06-26,2023-06-02,2022-12-03,0000796343-24-000150,9471000000,2542000000,5.55,5.54,3210000000,8331000000,null,null,29779000000,13261000000,14051000000,7141000000,3832000000,222000000,3634000000,701000000,1140000000,5121000000,706000000,2224000000
ADBE,0000796343,2024,Q3,10-Q,2024-09-25,2023-09-01,2022-12-03,0000796343-24-000208,14361000000,3945000000,8.62,8.59,4907000000,12641000000,null,null,29779000000,13261000000,14051000000,7141000000,5705000000,313000000,3634000000,701000000,1720000000,7734000000,1046000000,2224000000
ADBE,0000796343,2025,Q1,10-Q,2025-03-26,2024-03-01,2023-12-02,0000796343-25-000059,5182000000,620000000,1.37,1.36,907000000,4592000000,null,null,30230000000,16125000000,16518000000,7613000000,1174000000,37000000,4129000000,273000000,590000000,3685000000,348000000,2072000000
ADBE,0000796343,2025,Q2,10-Q,2025-06-25,2024-05-31,2023-12-02,0000796343-25-000073,10491000000,2193000000,4.86,4.83,2792000000,9303000000,null,null,30230000000,16125000000,16518000000,7613000000,3114000000,78000000,4129000000,273000000,1188000000,6511000000,705000000,2072000000
ADBE,0000796343,2025,Q3,10-Q,2025-09-24,2024-08-30,2023-12-02,0000796343-25-000107,15899000000,3877000000,8.63,8.58,4784000000,14157000000,null,null,30230000000,16125000000,16518000000,7613000000,5135000000,135000000,4129000000,273000000,1742000000,9373000000,1063000000,2072000000
