ticker,cik,fy,fp,form,filed,end,start,accn,Revenues,NetIncomeLoss,EarningsPerShareBasic,EarningsPerShareDiluted,OperatingIncomeLoss,GrossProfit,ResearchAndDevelopmentExpense,SellingGeneralAndAdministrativeExpense,Assets,Liabilities,StockholdersEquity,CashAndCashEquivalentsAtCarryingValue,NetCashProvidedByUsedInOperatingActivities,PaymentsToAcquirePropertyPlantAndEquipment,LongTermDebt,ShortTermInvestments,CostOfRevenue,OperatingExpenses,IncomeTaxExpenseBenefit,AccountsReceivableNetCurrent
AEP,0000004904,2016,FY,10-K,2017-02-28,2014-12-31,2014-01-01,0000004904-17-000019,16378600000,null,3.34,3.34,3127400000,null,null,null,59544600000,43778200000,17891700000,117500000,4602400000,64800000,19572700000,386800000,null,13251200000,902600000,1640500000
AEP,0000004904,2016,Q1,10-Q,2016-04-28,2015-03-31,2015-01-01,0000004904-16-000071,4580400000,null,1.29,1.29,1102800000,null,null,null,61683100000,43778200000,17891700000,162500000,1257700000,null,19572700000,386800000,null,3477600000,327200000,1640500000
AEP,0000004904,2016,Q2,10-Q,2016-07-28,2015-06-30,2015-01-01,0000004904-16-000086,8407100000,null,2.16,2.16,1906900000,null,null,null,61683100000,43778200000,17891700000,162500000,null,null,19572700000,386800000,null,6500200000,551500000,1640500000
AEP,0000004904,2016,Q3,10-Q,2016-11-02,2015-09-30,2015-01-01,0000004904-16-000102,12838500000,null,3.22,3.22,2867100000,null,null,null,61683100000,43778200000,17891700000,162500000,null,null,19572700000,386800000,null,9971400000,827100000,1640500000
AEP,0000004904,2017,FY,10-K,2018-02-23,2015-12-31,2015-01-01,0000004904-18-000009,16453200000,null,4.17,4.17,3333500000,null,null,null,61683100000,46047600000,17397000000,210500000,null,5300000,20256400000,138700000,null,13119700000,919600000,1916700000
AEP,0000004904,2017,Q1,10-Q,2017-04-28,2016-03-31,2016-01-01,0000004904-17-000030,4044900000,null,1.02,1.02,892900000,null,null,null,63467700000,46047600000,17397000000,176400000,799900000,null,20256400000,331700000,null,3152000000,235500000,1916700000
AEP,0000004904,2017,Q2,10-Q,2017-07-27,2016-06-30,2016-01-01,0000004904-17-000045,7937800000,null,2.04,2.04,1759100000,null,null,null,63467700000,46047600000,17397000000,176400000,null,null,20256400000,331700000,null,6178700000,400500000,1916700000
AEP,0000004904,2017,Q3,10-Q,2017-10-27,2016-09-30,2016-01-01,0000004904-17-000060,12590000000,null,0.48,0.48,631200000,null,null,null,63467700000,46047600000,17397000000,176400000,null,null,20256400000,331700000,null,11958800000,-134000000,1916700000
AEP,0000004904,2018,FY,10-K,2019-02-21,2016-12-31,2016-01-01,0000004904-19-000009,16380100000,null,1.24,1.24,1163900000,null,null,null,63467700000,46403600000,18287000000,214600000,null,107900000,21173300000,161700000,null,15216200000,-73700000,1891000000
AEP,0000004904,2018,Q1,10-Q,2018-04-26,2017-03-31,2017-01-01,0000004904-18-000019,3933300000,null,1.2,1.2,1085700000,null,null,null,64729100000,46403600000,18287000000,214600000,806800000,null,21173300000,161700000,null,2847600000,343200000,1891000000
AEP,0000004904,2018,Q2,10-Q,2018-07-26,2017-06-30,2017-01-01,0000004904-18-000039,7509800000,null,1.97,1.96,1819000000,null,null,null,64729100000,46403600000,18287000000,214600000,1717000000,null,21173300000,161700000,null,5690800000,533800000,1891000000
AEP,0000004904,2018,Q3,10-Q,2018-10-25,2017-09-30,2017-01-01,0000004904-18-000055,11614500000,null,3.07,3.07,2794100000,null,null,null,64729100000,46403600000,18287000000,214600000,3124200000,null,21173300000,161700000,null,8820400000,797800000,1891000000
AEP,0000004904,2019,FY,10-K,2020-02-20,2017-12-31,2017-01-01,0000004904-20-000007,15424900000,null,3.89,3.88,3525000000,null,null,null,64729100000,49634600000,19028400000,234100000,4270400000,0,23346700000,159100000,null,11899900000,969700000,1926500000
AEP,0000004904,2019,Q1,10-Q,2019-04-26,2018-03-31,2018-01-01,0000004904-19-000020,4048300000,null,0.92,0.92,706000000,null,null,null,68802800000,49634600000,19028400000,234100000,802200000,null,23346700000,159100000,null,3342300000,102000000,1926500000
AEP,0000004904,2019,Q2,10-Q,2019-07-25,2018-06-30,2018-01-01,0000004904-19-000040,8061500000,null,2,1.99,1463000000,null,null,null,68802800000,49634600000,19028400000,234100000,2006800000,0,23346700000,159100000,null,6598500000,174200000,1926500000
AEP,0000004904,2019,Q3,10-Q,2019-10-24,2018-09-30,2018-01-01,0000004904-19-000050,12394600000,null,3.17,3.16,2131600000,null,null,null,68802800000,49634600000,19028400000,234100000,3932600000,0,23346700000,159100000,null,10263000000,93500000,1926500000
AEP,0000004904,2020,FY,10-K,2021-02-25,2018-12-31,2018-01-01,0000004904-21-000010,16195700000,null,3.9,3.9,2682700000,null,null,null,68802800000,55870500000,19632200000,246800000,5223200000,0,26725500000,202700000,null,13513000000,115300000,1705100000
AEP,0000004904,2020,Q1,10-Q,2020-05-06,2019-03-31,2019-01-01,0000004904-20-000046,4056800000,null,1.16,1.16,788400000,null,null,null,75892300000,55870500000,19632200000,246800000,808300000,null,26725500000,202700000,null,3268400000,44500000,1705100000
AEP,0000004904,2020,Q2,10-Q,2020-08-06,2019-06-30,2019-01-01,0000004904-20-000062,7630400000,null,2.1,2.09,1339400000,null,null,null,75892300000,55870500000,19632200000,246800000,1800800000,581200000,26725500000,202700000,null,6291000000,-9900000,1705100000
AEP,0000004904,2020,Q3,10-Q,2020-10-22,2019-09-30,2019-01-01,0000004904-20-000084,11945400000,null,3.58,3.57,2297600000,null,null,null,75892300000,55870500000,19632200000,246800000,3349900000,921300000,26725500000,202700000,null,9647800000,30700000,1705100000
AEP,0000004904,2020,Q3,10-Q,2021-04-22,2020-03-31,2020-01-01,0000004904-21-000033,3747500000,null,1,1,751600000,null,null,null,80757200000,59937500000,20550900000,392700000,615700000,0,31072500000,200800000,null,2995900000,46500000,1842700000
AEP,0000004904,2021,FY,10-K,2022-02-24,2019-12-31,2019-01-01,0000004904-22-000024,15561400000,null,3.89,3.88,2592300000,null,null,null,75892300000,59937500000,20550900000,392700000,4270100000,null,26725500000,200800000,null,12969100000,-12900000,1842700000
AEP,0000004904,2021,Q2,10-Q,2021-07-22,2020-06-30,2020-01-01,0000004904-21-000052,7241500000,null,2.05,2.04,1474300000,null,null,null,80757200000,59937500000,20550900000,392700000,1746200000,null,31072500000,200800000,null,5767200000,59100000,1842700000
AEP,0000004904,2021,Q3,10-Q,2021-10-28,2020-09-30,2020-01-01,0000004904-21-000069,11307900000,null,3.56,3.55,2417500000,null,null,null,80757200000,59937500000,20550900000,392700000,2922200000,null,31072500000,200800000,null,8890400000,57900000,1842700000
AEP,0000004904,2022,FY,10-K,2023-02-23,2020-12-31,2020-01-01,0000004904-23-000011,14918500000,null,4.44,4.42,2987700000,null,null,null,87668700000,64945200000,22433200000,403400000,3832900000,null,33454500000,220400000,null,11930800000,40500000,1941600000
AEP,0000004904,2022,Q1,10-Q,2022-04-28,2021-03-31,2021-01-01,0000004904-22-000053,4281100000,null,1.16,1.15,810300000,null,null,null,87668700000,64945200000,22433200000,403400000,-117200000,null,33454500000,220400000,null,3470800000,54500000,1941600000
AEP,0000004904,2022,Q2,10-Q,2022-07-27,2021-06-30,2021-01-01,0000004904-22-000074,8107600000,null,2.31,2.31,1620200000,null,null,null,87668700000,64945200000,22433200000,403400000,1043900000,null,33454500000,220400000,null,6487400000,115700000,1941600000
AEP,0000004904,2022,Q3,10-Q,2022-10-27,2021-09-30,2021-01-01,0000004904-22-000093,12730600000,null,3.9,3.89,2727600000,null,null,null,87668700000,64945200000,22433200000,403400000,2973000000,null,33454500000,220400000,null,10003000000,185500000,1941600000
AEP,0000004904,2023,FY,10-K,2024-02-26,2021-12-31,2021-01-01,0000004904-24-000020,16792000000,null,4.97,4.96,3411300000,null,null,null,93403300000,69235000000,23893400000,509400000,3839900000,null,36801000000,187600000,null,13380700000,115500000,2668000000
AEP,0000004904,2023,Q1,10-Q,2023-05-04,2022-03-31,2022-01-01,0000004904-23-000072,4592600000,null,1.41,1.41,988100000,null,null,null,93403300000,69235000000,23893400000,509400000,1622200000,null,36801000000,187600000,null,3604500000,52800000,2668000000
AEP,0000004904,2023,Q2,10-Q,2023-07-27,2022-06-30,2022-01-01,0000004904-23-000104,9232300000,1238900000,2.43,2.42,1992500000,null,null,null,93403300000,69235000000,23893400000,509400000,2990700000,null,36801000000,187600000,null,7239800000,106800000,2668000000
AEP,0000004904,2023,Q3,10-Q,2023-11-02,2022-09-30,2022-01-01,0000004904-23-000121,14758400000,1238900000,3.76,3.75,2922600000,null,null,null,93403300000,69235000000,23893400000,509400000,4733200000,null,36801000000,187600000,null,11835800000,90700000,2668000000
AEP,0000004904,2024,FY,10-K,2025-02-13,2022-12-31,2022-01-01,0000004904-25-000027,19639500000,null,4.51,4.49,3482700000,null,null,null,96684000000,71355600000,25246700000,330100000,5288000000,null,40143200000,214300000,null,null,5400000,2447400000
AEP,0000004904,2024,Q1,10-Q,2024-04-30,2023-03-31,2023-01-01,0000004904-24-000046,4690900000,400400000,0.77,0.77,704800000,null,null,null,96684000000,71355600000,25246700000,330100000,717800000,null,40143200000,214300000,null,3986100000,10400000,2447400000
AEP,0000004904,2024,Q2,10-Q,2024-07-30,2023-06-30,2023-01-01,0000004904-24-000081,9063400000,null,1.78,1.78,1579500000,null,null,null,96684000000,71355600000,25246700000,330100000,1881600000,null,40143200000,214300000,null,7483900000,39000000,2447400000
AEP,0000004904,2024,Q3,10-Q,2024-11-06,2023-09-30,2023-01-01,0000004904-24-000100,14405100000,1874800000,3.62,3.62,2932800000,null,null,null,96684000000,71355600000,25246700000,330100000,3675700000,null,40143200000,214300000,null,11472300000,103200000,2447400000
AEP,0000004904,2025,Q1,10-Q,2025-05-06,2024-03-31,2024-01-01,0000004904-25-000061,5025700000,null,1.91,1.9,1172600000,null,null,null,103078000000,76054100000,26943800000,202900000,1442200000,null,42642800000,215400000,null,null,-141900000,2631900000
AEP,0000004904,2025,Q2,10-Q,2025-07-30,2024-06-30,2024-01-01,0000004904-25-000141,9604900000,null,2.55,2.54,1856500000,null,null,null,103078000000,76054100000,26943800000,202900000,2904200000,null,42642800000,215400000,null,null,-135200000,2631900000
AEP,0000004904,2025,Q3,10-Q,2025-10-29,2024-09-30,2024-01-01,0000004904-25-000171,15025000000,null,4.35,4.34,3208000000,null,null,null,103078000000,76054100000,26943800000,202900000,5076900000,null,42642800000,215400000,null,null,-97700000,2631900000
