ticker,cik,fy,fp,form,filed,end,start,accn,Revenues,NetIncomeLoss,EarningsPerShareBasic,EarningsPerShareDiluted,OperatingIncomeLoss,GrossProfit,ResearchAndDevelopmentExpense,SellingGeneralAndAdministrativeExpense,Assets,Liabilities,StockholdersEquity,CashAndCashEquivalentsAtCarryingValue,NetCashProvidedByUsedInOperatingActivities,PaymentsToAcquirePropertyPlantAndEquipment,LongTermDebt,ShortTermInvestments,CostOfRevenue,OperatingExpenses,IncomeTaxExpenseBenefit,AccountsReceivableNetCurrent
AMAT,0000006951,2016,FY,10-K,2016-12-15,2014-10-26,2013-10-28,0000006951-16-000068,null,1072000000,0.88,0.87,1520000000,3843000000,1428000000,null,15308000000,7695000000,7088000000,1711000000,1800000000,241000000,3342000000,168000000,null,2323000000,376000000,1670000000
AMAT,0000006951,2016,Q1,10-Q,2016-02-25,2015-01-25,2014-10-27,0000006951-16-000041,null,348000000,null,null,458000000,959000000,351000000,null,15308000000,7695000000,7868000000,3002000000,60000000,49000000,4542000000,168000000,null,501000000,89000000,1739000000
AMAT,0000006951,2016,Q2,10-Q,2016-05-26,2015-04-26,2014-10-27,0000006951-16-000048,null,712000000,0.58,0.57,874000000,1975000000,716000000,null,15308000000,7695000000,7868000000,3002000000,358000000,113000000,4542000000,168000000,null,1101000000,114000000,1739000000
AMAT,0000006951,2016,Q3,10-Q,2016-08-25,2015-07-26,2014-10-27,0000006951-16-000059,null,1041000000,0.85,0.84,1270000000,2993000000,1088000000,null,15308000000,7695000000,7868000000,3002000000,692000000,162000000,4542000000,168000000,null,1723000000,160000000,1739000000
AMAT,0000006951,2017,FY,10-K,2017-12-15,2015-10-25,2014-10-27,0000006951-17-000038,null,1377000000,1.13,1.12,1693000000,3952000000,1451000000,null,14570000000,7353000000,7868000000,3002000000,1163000000,215000000,3125000000,343000000,null,2259000000,221000000,1739000000
AMAT,0000006951,2017,Q1,10-Q,2017-02-23,2016-01-31,2015-10-26,0000006951-17-000007,null,286000000,null,null,354000000,916000000,374000000,null,14570000000,7353000000,7613000000,4797000000,207000000,68000000,3325000000,343000000,null,562000000,28000000,2279000000
AMAT,0000006951,2017,Q2,10-Q,2017-05-25,2016-05-01,2015-10-26,0000006951-17-000015,null,606000000,0.54,0.53,779000000,1920000000,760000000,null,14570000000,7353000000,7613000000,4797000000,688000000,115000000,3325000000,343000000,null,1141000000,103000000,2279000000
AMAT,0000006951,2017,Q3,10-Q,2017-08-24,2016-07-31,2015-10-26,0000006951-17-000026,null,1111000000,1,0.99,1375000000,3112000000,1146000000,null,14570000000,7353000000,7613000000,4797000000,1669000000,165000000,3325000000,343000000,null,1737000000,162000000,2279000000
AMAT,0000006951,2018,FY,10-K,2018-12-13,2016-10-30,2015-10-26,0000006951-18-000041,10825000000,1721000000,1.56,1.54,2152000000,4511000000,1540000000,null,19419000000,10070000000,7613000000,4797000000,2566000000,253000000,5304000000,2266000000,null,2359000000,292000000,2279000000
AMAT,0000006951,2018,Q1,10-Q,2018-02-22,2017-01-29,2016-10-31,0000006951-18-000008,null,703000000,null,null,807000000,1445000000,417000000,null,19419000000,10070000000,7217000000,3406000000,792000000,64000000,5304000000,2266000000,null,638000000,68000000,2338000000
AMAT,0000006951,2018,Q2,10-Q,2018-05-24,2017-04-30,2016-10-31,0000006951-18-000017,null,1527000000,1.42,1.4,1747000000,3045000000,854000000,null,19419000000,10070000000,7217000000,3406000000,1703000000,141000000,5304000000,2266000000,null,1298000000,152000000,2338000000
AMAT,0000006951,2018,Q3,10-Q,2018-08-23,2017-07-30,2016-10-31,0000006951-18-000029,10568000000,2452000000,2.28,2.26,2770000000,4745000000,1308000000,null,19419000000,10070000000,7217000000,3406000000,3080000000,221000000,5304000000,2266000000,null,1975000000,205000000,2338000000
AMAT,0000006951,2019,FY,10-K,2019-12-13,2017-10-29,2016-10-31,0000006951-19-000046,14698000000,3519000000,3.28,3.25,3936000000,6612000000,1781000000,null,17633000000,10788000000,7413000000,3440000000,3789000000,345000000,5309000000,590000000,null,2676000000,297000000,2338000000
AMAT,0000006951,2019,Q1,10-Q,2019-02-21,2018-01-28,2017-10-30,0000006951-19-000008,4205000000,165000000,0.16,0.15,1215000000,1940000000,489000000,null,17633000000,10788000000,9630000000,5010000000,1466000000,203000000,null,590000000,null,725000000,1018000000,2323000000
AMAT,0000006951,2019,Q2,10-Q,2019-05-23,2018-04-29,2017-10-30,0000006951-19-000019,8784000000,1265000000,1.21,1.2,2507000000,3996000000,998000000,null,17633000000,10788000000,9630000000,3440000000,2077000000,324000000,null,590000000,null,1489000000,1179000000,2323000000
AMAT,0000006951,2019,Q3,10-Q,2019-08-22,2018-07-29,2017-10-30,0000006951-19-000029,12946000000,2281000000,2.22,2.2,3600000000,5860000000,1503000000,null,17633000000,10788000000,9630000000,3440000000,2710000000,457000000,null,590000000,null,2260000000,1240000000,2323000000
AMAT,0000006951,2020,FY,10-K,2020-12-11,2018-10-28,2017-10-30,0000006951-20-000048,null,3038000000,3,2.96,4491000000,7517000000,2022000000,null,19024000000,10810000000,9630000000,3440000000,3787000000,622000000,5313000000,489000000,null,3026000000,1358000000,2323000000
AMAT,0000006951,2020,Q1,10-Q,2020-02-20,2019-01-27,2018-10-29,0000006951-20-000014,3753000000,771000000,0.81,0.8,908000000,1665000000,516000000,null,19024000000,10810000000,6845000000,3129000000,834000000,133000000,5313000000,489000000,null,757000000,117000000,2533000000
AMAT,0000006951,2020,Q2,10-Q,2020-05-21,2019-04-28,2018-10-29,0000006951-20-000028,7292000000,1437000000,1.51,1.5,1684000000,3195000000,1024000000,null,19024000000,10810000000,6845000000,3116000000,1634000000,251000000,null,489000000,null,1511000000,210000000,2533000000
AMAT,0000006951,2020,Q3,10-Q,2020-08-20,2019-07-28,2018-10-29,0000006951-20-000037,10854000000,2008000000,2.13,2.11,2486000000,4752000000,1539000000,null,19024000000,10810000000,6845000000,3014000000,2421000000,344000000,null,489000000,null,2266000000,421000000,2533000000
AMAT,0000006951,2021,FY,10-K,2021-12-17,2019-10-27,2018-10-29,0000006951-21-000043,null,2706000000,2.89,2.86,3350000000,6386000000,2054000000,null,22353000000,11775000000,6845000000,3129000000,3247000000,441000000,null,387000000,null,3036000000,563000000,2533000000
AMAT,0000006951,2021,Q1,10-Q,2021-02-25,2020-01-26,2019-10-28,0000006951-21-000013,4162000000,892000000,0.97,0.96,1042000000,1858000000,552000000,null,22353000000,11775000000,8214000000,3424000000,987000000,102000000,null,387000000,null,816000000,113000000,2963000000
AMAT,0000006951,2021,Q2,10-Q,2021-05-27,2020-04-26,2019-10-28,0000006951-21-000023,null,1647000000,1.8,1.78,1974000000,3607000000,1102000000,null,22353000000,11775000000,8214000000,5281000000,1622000000,173000000,null,387000000,null,1633000000,236000000,2963000000
AMAT,0000006951,2021,Q3,10-Q,2021-08-26,2020-07-26,2019-10-28,0000006951-21-000034,null,2488000000,2.71,2.69,3082000000,5562000000,1674000000,null,22353000000,11775000000,8214000000,4350000000,2489000000,260000000,null,387000000,null,2480000000,435000000,2963000000
AMAT,0000006951,2022,FY,10-K,2022-12-16,2020-10-25,2019-10-28,0000006951-22-000043,null,3619000000,3.95,3.92,4365000000,7692000000,2234000000,null,25825000000,13578000000,8214000000,5351000000,3804000000,422000000,null,464000000,null,3327000000,547000000,2963000000
AMAT,0000006951,2022,Q1,10-Q,2022-02-24,2021-01-31,2020-10-26,0000006951-22-000011,null,1130000000,1.23,1.22,1283000000,2349000000,606000000,null,25825000000,13578000000,10578000000,6213000000,1421000000,121000000,null,464000000,null,1066000000,110000000,4953000000
AMAT,0000006951,2022,Q2,10-Q,2022-05-26,2021-05-02,2020-10-26,0000006951-22-000022,null,2460000000,2.68,2.66,2862000000,5002000000,1223000000,null,25825000000,13578000000,10578000000,6305000000,2608000000,325000000,null,464000000,null,2140000000,325000000,4953000000
AMAT,0000006951,2022,Q3,10-Q,2022-08-25,2021-08-01,2020-10-26,0000006951-22-000032,null,4176000000,4.57,4.52,4875000000,7969000000,1863000000,null,25825000000,13578000000,10578000000,6066000000,4294000000,462000000,null,464000000,null,3094000000,589000000,4953000000
AMAT,0000006951,2023,FY,10-K,2023-12-15,2021-10-31,2020-10-26,0000006951-23-000041,null,5888000000,6.47,6.4,6889000000,10914000000,2485000000,null,26726000000,14532000000,10578000000,4995000000,5442000000,668000000,null,586000000,null,4025000000,883000000,4953000000
AMAT,0000006951,2023,Q1,10-Q,2023-02-23,2022-01-30,2021-11-01,0000006951-23-000012,null,1792000000,2.02,2,1976000000,2959000000,654000000,null,26726000000,14532000000,12247000000,5264000000,2658000000,144000000,null,586000000,null,983000000,133000000,6068000000
AMAT,0000006951,2023,Q2,10-Q,2023-05-26,2022-05-01,2021-11-01,0000006951-23-000022,null,3328000000,3.77,3.74,3870000000,5886000000,1340000000,null,26726000000,14532000000,12247000000,3331000000,3073000000,354000000,null,586000000,null,2016000000,461000000,6068000000
AMAT,0000006951,2023,Q3,10-Q,2023-08-24,2022-07-31,2021-11-01,0000006951-23-000031,null,4934000000,5.63,5.59,5794000000,8892000000,2045000000,null,26726000000,14532000000,12247000000,2956000000,4542000000,564000000,null,586000000,null,3098000000,716000000,6068000000
AMAT,0000006951,2024,FY,10-K,2024-12-13,2022-10-30,2021-11-01,0000006951-24-000044,null,6525000000,7.49,7.44,7788000000,11993000000,2771000000,null,30729000000,14380000000,12247000000,1995000000,5399000000,787000000,null,737000000,null,4205000000,1074000000,6068000000
AMAT,0000006951,2024,Q1,10-Q,2024-02-27,2023-01-29,2022-10-31,0000006951-24-000012,null,1717000000,2.03,2.02,1970000000,3145000000,771000000,null,30729000000,14380000000,12194000000,3547000000,2270000000,287000000,null,737000000,null,1175000000,244000000,5165000000
AMAT,0000006951,2024,Q2,10-Q,2024-05-23,2023-04-30,2022-10-31,0000006951-24-000022,null,3292000000,3.9,3.88,3881000000,6239000000,1546000000,null,30729000000,14380000000,12194000000,4588000000,4562000000,542000000,null,737000000,null,2358000000,446000000,5165000000
AMAT,0000006951,2024,Q3,10-Q,2024-08-22,2023-07-30,2022-10-31,0000006951-24-000032,null,4852000000,5.76,5.73,5683000000,9215000000,2313000000,null,30729000000,14380000000,12194000000,6025000000,7145000000,797000000,null,737000000,null,3532000000,692000000,5165000000
AMAT,0000006951,2025,Q1,10-Q,2025-02-20,2024-01-28,2023-10-30,0000006951-25-000011,null,2019000000,2.43,2.41,1967000000,3204000000,754000000,null,34409000000,15408000000,16349000000,6854000000,2325000000,229000000,null,1449000000,null,1237000000,284000000,5234000000
AMAT,0000006951,2025,Q2,10-Q,2025-05-22,2024-04-28,2023-10-30,0000006951-25-000024,null,3741000000,4.5,4.47,3879000000,6357000000,1539000000,null,34409000000,15408000000,16349000000,7085000000,3717000000,486000000,null,1449000000,null,2478000000,556000000,5234000000
AMAT,0000006951,2025,Q3,10-Q,2025-08-21,2024-07-28,2023-10-30,0000006951-25-000037,null,5446000000,6.57,6.52,5821000000,9562000000,2375000000,null,34409000000,15408000000,16349000000,8288000000,6102000000,783000000,null,1449000000,null,3741000000,811000000,5234000000
