ticker,cik,fy,fp,form,filed,end,start,accn,Revenues,NetIncomeLoss,EarningsPerShareBasic,EarningsPerShareDiluted,OperatingIncomeLoss,GrossProfit,ResearchAndDevelopmentExpense,SellingGeneralAndAdministrativeExpense,Assets,Liabilities,StockholdersEquity,CashAndCashEquivalentsAtCarryingValue,NetCashProvidedByUsedInOperatingActivities,PaymentsToAcquirePropertyPlantAndEquipment,LongTermDebt,ShortTermInvestments,CostOfRevenue,OperatingExpenses,IncomeTaxExpenseBenefit,AccountsReceivableNetCurrent
AMZN,0001018724,2016,FY,10-K,2017-02-10,2014-12-31,2014-01-01,0001018724-17-000011,null,-241000000,-0.52,-0.52,178000000,null,null,null,54505000000,null,9746000000,8658000000,6842000000,4893000000,8562000000,null,null,null,167000000,5654000000
AMZN,0001018724,2016,Q1,10-Q,2016-04-29,2015-03-31,2014-04-01,0001018724-16-000227,null,-405000000,-0.12,-0.12,255000000,null,null,null,64747000000,null,13384000000,5074000000,7845000000,4684000000,8562000000,null,null,null,71000000,5654000000
AMZN,0001018724,2016,Q2,10-Q,2016-07-29,2015-06-30,2014-07-01,0001018724-16-000286,null,-188000000,0.07,0.07,719000000,null,null,null,64747000000,null,13384000000,5057000000,8980000000,4607000000,8562000000,null,null,null,337000000,5654000000
AMZN,0001018724,2016,Q3,10-Q,2016-10-28,2015-09-30,2014-10-01,0001018724-16-000324,null,328000000,0.24,0.24,1124000000,null,null,null,64747000000,null,13384000000,5258000000,9823000000,4424000000,8562000000,null,null,null,498000000,5654000000
AMZN,0001018724,2017,FY,10-K,2018-02-02,2015-12-31,2015-01-01,0001018724-18-000005,null,596000000,1.28,1.25,2233000000,null,null,null,64747000000,null,10741000000,14557000000,12039000000,null,8838000000,null,null,null,950000000,8339000000
AMZN,0001018724,2017,Q1,10-Q,2017-04-28,2016-03-31,2015-04-01,0001018724-17-000051,null,1166000000,1.09,1.07,1071000000,null,null,null,83402000000,null,19285000000,10237000000,11563000000,4897000000,8838000000,null,null,null,475000000,8339000000
AMZN,0001018724,2017,Q2,10-Q,2017-07-28,2016-06-30,2015-07-01,0001018724-17-000100,null,1931000000,2.9,2.84,2356000000,null,null,null,83402000000,null,19285000000,10269000000,13049000000,null,8838000000,null,null,null,782000000,8339000000
AMZN,0001018724,2017,Q3,10-Q,2017-10-27,2016-09-30,2015-10-01,0001018724-17-000135,null,2105000000,3.43,3.36,2931000000,null,null,null,83402000000,null,19285000000,10709000000,15004000000,null,8838000000,null,null,null,1012000000,8339000000
AMZN,0001018724,2018,FY,10-K,2019-02-01,2016-12-31,2016-01-01,0001018724-19-000004,null,2371000000,5.01,4.9,4186000000,null,null,null,83402000000,null,13384000000,20522000000,17203000000,null,24942000000,null,null,null,1425000000,13164000000
AMZN,0001018724,2018,Q1,10-Q,2018-04-27,2017-03-31,2016-04-01,0001018724-18-000072,null,2583000000,1.52,1.48,1005000000,null,null,null,131310000000,null,27709000000,20522000000,17547000000,null,24942000000,null,null,null,229000000,13164000000
AMZN,0001018724,2018,Q2,10-Q,2018-07-27,2017-06-30,2016-07-01,0001018724-18-000108,null,1922000000,1.93,1.87,1632000000,null,null,null,131310000000,null,27709000000,20522000000,17802000000,null,24942000000,null,null,null,695000000,13164000000
AMZN,0001018724,2018,Q3,10-Q,2018-10-26,2017-09-30,2016-10-01,0001018724-18-000159,null,1926000000,2.46,2.39,1979000000,null,null,null,131310000000,null,27709000000,20522000000,16996000000,null,24942000000,null,null,null,755000000,13164000000
AMZN,0001018724,2019,FY,10-K,2020-01-31,2017-12-31,2017-01-01,0001018724-20-000004,null,3033000000,6.32,6.15,4106000000,null,null,null,131310000000,null,19285000000,31750000000,18365000000,null,24965000000,null,null,null,769000000,16677000000
AMZN,0001018724,2019,Q1,10-Q,2019-04-26,2018-03-31,2017-04-01,0001018724-19-000043,null,3938000000,3.36,3.27,1927000000,null,null,null,162648000000,null,27709000000,31750000000,18194000000,null,24965000000,null,null,null,287000000,16677000000
AMZN,0001018724,2019,Q2,10-Q,2019-07-26,2018-06-30,2017-07-01,0001018724-19-000071,null,6275000000,8.58,8.34,4911000000,null,null,null,162648000000,null,27709000000,31750000000,21793000000,null,24965000000,null,null,null,361000000,16677000000
AMZN,0001018724,2019,Q3,10-Q,2019-10-25,2018-09-30,2017-10-01,0001018724-19-000089,null,8902000000,14.49,14.1,8635000000,null,null,null,162648000000,null,27709000000,31750000000,26604000000,null,24965000000,null,null,null,870000000,16677000000
AMZN,0001018724,2020,FY,10-K,2021-02-03,2018-12-31,2018-01-01,0001018724-21-000004,null,10073000000,20.68,20.14,12421000000,null,null,null,162648000000,null,27709000000,36092000000,30723000000,null,24820000000,null,null,null,1197000000,20816000000
AMZN,0001018724,2020,Q1,10-Q,2020-05-01,2019-03-31,2018-04-01,0001018724-20-000010,null,12005000000,7.24,7.09,4420000000,null,null,null,225248000000,null,43549000000,36092000000,34360000000,null,24820000000,null,null,null,836000000,20816000000
AMZN,0001018724,2020,Q2,10-Q,2020-07-31,2019-06-30,2018-07-01,0001018724-20-000021,null,12096000000,12.57,12.31,7504000000,null,null,null,225248000000,null,43549000000,36092000000,36029000000,null,24820000000,null,null,null,1094000000,20816000000
AMZN,0001018724,2020,Q3,10-Q,2020-10-30,2019-09-30,2018-10-01,0001018724-20-000030,null,11347000000,16.87,16.53,10662000000,null,null,null,225248000000,null,43549000000,36092000000,35332000000,null,24820000000,null,null,null,1588000000,20816000000
AMZN,0001018724,2021,FY,10-K,2022-02-04,2019-12-31,2019-01-01,0001018724-22-000005,null,11588000000,23.46,23.01,14541000000,null,null,null,225248000000,null,43549000000,42122000000,38514000000,null,33174000000,null,null,null,2374000000,24542000000
AMZN,0001018724,2021,Q1,10-Q,2021-04-30,2020-03-31,2019-04-01,0001018724-21-000010,null,10563000000,5.09,5.01,3989000000,null,null,null,321195000000,null,62060000000,42122000000,39732000000,null,33174000000,null,null,null,744000000,24542000000
AMZN,0001018724,2021,Q2,10-Q,2021-07-30,2020-06-30,2019-07-01,0001018724-21-000020,null,13180000000,15.59,15.32,9832000000,null,null,null,321195000000,null,62060000000,42122000000,51220000000,null,33174000000,null,null,null,1729000000,24542000000
AMZN,0001018724,2021,Q3,10-Q,2021-10-29,2020-09-30,2019-10-01,0001018724-21-000028,null,17377000000,28.24,27.72,16026000000,null,null,null,321195000000,null,62060000000,42122000000,55292000000,null,33174000000,null,null,null,2298000000,24542000000
AMZN,0001018724,2022,FY,10-K,2023-02-03,2020-12-31,2020-01-01,0001018724-23-000004,null,21331000000,2.13,2.09,22899000000,null,null,null,321195000000,null,62060000000,36220000000,66064000000,null,50553000000,null,null,null,2863000000,32891000000
AMZN,0001018724,2022,Q1,10-Q,2022-04-29,2021-03-31,2020-04-01,0001018724-22-000013,null,26903000000,16.09,15.79,8865000000,null,null,null,420549000000,null,93404000000,36220000000,67213000000,null,50553000000,null,null,null,2156000000,32891000000
AMZN,0001018724,2022,Q2,10-Q,2022-07-29,2021-06-30,2020-07-01,0001018724-22-000019,null,29438000000,1.57,1.55,16567000000,null,null,null,420549000000,null,93404000000,36220000000,59322000000,null,50553000000,null,null,null,3024000000,32891000000
AMZN,0001018724,2022,Q3,10-Q,2022-10-28,2021-09-30,2020-10-01,0001018724-22-000023,null,26263000000,1.88,1.85,21419000000,null,null,null,420549000000,null,93404000000,36220000000,54671000000,null,50553000000,null,null,null,4179000000,32891000000
AMZN,0001018724,2023,FY,10-K,2024-02-02,2021-12-31,2021-01-01,0001018724-24-000008,null,33364000000,3.3,3.24,24879000000,null,null,null,420549000000,null,93404000000,53888000000,46327000000,null,70542000000,null,null,null,4791000000,42360000000
AMZN,0001018724,2023,Q1,10-Q,2023-04-28,2022-03-31,2021-04-01,0001018724-23-000008,null,21413000000,-0.38,-0.38,3669000000,null,null,null,462675000000,null,138245000000,53888000000,39324000000,null,70542000000,null,null,null,-1422000000,42360000000
AMZN,0001018724,2023,Q2,10-Q,2023-08-04,2022-06-30,2021-07-01,0001018724-23-000012,null,11607000000,-0.58,-0.58,6986000000,null,null,null,462675000000,null,138245000000,53888000000,35574000000,null,70542000000,null,null,null,-2059000000,42360000000
AMZN,0001018724,2023,Q3,10-Q,2023-10-27,2022-09-30,2021-10-01,0001018724-23-000018,null,11323000000,-0.29,-0.29,9511000000,null,null,null,462675000000,null,138245000000,53888000000,39665000000,null,70542000000,null,null,null,-1990000000,42360000000
AMZN,0001018724,2024,FY,10-K,2025-02-07,2022-12-31,2022-01-01,0001018724-25-000004,null,-2722000000,-0.27,-0.27,12248000000,null,null,null,462675000000,null,138245000000,73387000000,46752000000,null,67182000000,null,null,null,-3217000000,52253000000
AMZN,0001018724,2024,Q1,10-Q,2024-05-01,2023-03-31,2022-04-01,0001018724-24-000083,null,4294000000,0.31,0.31,4774000000,null,null,null,527854000000,null,146043000000,73387000000,54330000000,null,67182000000,null,null,null,948000000,52253000000
AMZN,0001018724,2024,Q2,10-Q,2024-08-02,2023-06-30,2022-07-01,0001018724-24-000130,null,13072000000,0.97,0.95,12455000000,null,null,null,527854000000,null,146043000000,73387000000,61841000000,null,67182000000,null,null,null,1752000000,52253000000
AMZN,0001018724,2024,Q3,10-Q,2024-11-01,2023-09-30,2022-10-01,0001018724-24-000161,null,20079000000,1.93,1.89,23643000000,null,null,null,527854000000,null,146043000000,73387000000,71654000000,null,67182000000,null,null,null,4058000000,52253000000
AMZN,0001018724,2025,Q1,10-Q,2025-05-02,2024-03-31,2023-04-01,0001018724-25-000036,null,37684000000,1,0.98,15307000000,null,null,null,624894000000,null,201875000000,78779000000,99147000000,null,58000000000,null,null,null,2467000000,55451000000
AMZN,0001018724,2025,Q2,10-Q,2025-08-01,2024-06-30,2023-07-01,0001018724-25-000086,null,44419000000,2.3,2.24,29979000000,null,null,null,624894000000,null,201875000000,78779000000,107952000000,null,58000000000,null,null,null,4234000000,55451000000
AMZN,0001018724,2025,Q3,10-Q,2025-10-31,2024-09-30,2023-10-01,0001018724-25-000123,null,49868000000,3.76,3.67,47390000000,null,null,null,624894000000,null,201875000000,78779000000,112706000000,null,58000000000,null,null,null,6940000000,55451000000
