ticker,cik,fy,fp,form,filed,end,start,accn,Revenues,NetIncomeLoss,EarningsPerShareBasic,EarningsPerShareDiluted,OperatingIncomeLoss,GrossProfit,ResearchAndDevelopmentExpense,SellingGeneralAndAdministrativeExpense,Assets,Liabilities,StockholdersEquity,CashAndCashEquivalentsAtCarryingValue,NetCashProvidedByUsedInOperatingActivities,PaymentsToAcquirePropertyPlantAndEquipment,LongTermDebt,ShortTermInvestments,CostOfRevenue,OperatingExpenses,IncomeTaxExpenseBenefit,AccountsReceivableNetCurrent
AXON,0001069183,2016,FY,10-K,2017-03-06,2014-12-31,2014-01-01,0001069183-17-000042,null,19918000,0.38,0.37,32505000,101548000,14885000,54158000,229881000,72877000,108347000,42271000,35432000,2505000,null,50254000,null,69043000,12393000,null
AXON,0001069183,2016,Q1,10-Q,2016-05-10,2015-03-31,2015-01-01,0001069183-16-000176,null,7205000,0.14,0.13,10745000,29868000,4558000,14565000,229881000,72877000,157004000,48367000,13008000,424000,null,50254000,null,19123000,3475000,null
AXON,0001069183,2016,Q2,10-Q,2016-08-10,2015-06-30,2015-01-01,0001069183-16-000211,null,13308000,0.25,0.24,20119000,60591000,10464000,30008000,229881000,72877000,157004000,48367000,10969000,1770000,null,50254000,null,40472000,6845000,null
AXON,0001069183,2016,Q3,10-Q,2016-11-09,2015-09-30,2015-01-01,0001069183-16-000234,null,14829000,0.28,0.27,26825000,91659000,16992000,47842000,229881000,72877000,157004000,48367000,30314000,3839000,null,50254000,null,64834000,12008000,null
AXON,0001069183,2017,FY,10-K,2018-03-01,2015-12-31,2015-01-01,0001069183-18-000020,null,19933000,0.37,0.36,35335000,128647000,23614000,69698000,278163000,127275000,129106000,48367000,46445000,6003000,null,48415000,null,93312000,15428000,null
AXON,0001069183,2017,Q1,10-Q,2017-05-10,2016-03-31,2016-01-01,0001069183-17-000081,null,3463000,0.06,0.06,5142000,36902000,6927000,24833000,278163000,127275000,150888000,59526000,7093000,1280000,null,48415000,null,31760000,1797000,null
AXON,0001069183,2017,Q2,10-Q,2017-08-09,2016-06-30,2016-01-01,0001069183-17-000117,null,7113000,0.13,0.13,11352000,74201000,13637000,49212000,278163000,127275000,150888000,59526000,10336000,1964000,null,48415000,null,62849000,4234000,null
AXON,0001069183,2017,Q3,10-Q,2017-11-09,2016-09-30,2016-01-01,0001069183-17-000136,null,10956000,0.21,0.2,22438000,120766000,20995000,77333000,278163000,127275000,150888000,59526000,21959000,3335000,null,48415000,null,98328000,11022000,null
AXON,0001069183,2018,FY,10-K,2019-02-27,2016-12-31,2016-01-01,0001069183-19-000023,null,17297000,0.33,0.32,31851000,170536000,30609000,108076000,338112000,170668000,157004000,40651000,21135000,4957000,null,6862000,null,138685000,14200000,null
AXON,0001069183,2018,Q1,10-Q,2018-05-10,2017-03-31,2017-01-01,0001069183-18-000041,null,4580000,0.09,0.09,5350000,48670000,12463000,30857000,338112000,170668000,167444000,41974000,-6609000,2343000,null,6862000,null,43320000,976000,null
AXON,0001069183,2018,Q2,10-Q,2018-08-09,2017-06-30,2017-01-01,0001069183-18-000088,null,6856000,0.13,0.13,6174000,94307000,25452000,62681000,338112000,170668000,167444000,28038000,-12458000,5741000,null,6862000,null,88133000,1208000,null
AXON,0001069183,2018,Q3,10-Q,2018-11-07,2017-09-30,2017-01-01,0001069183-18-000114,null,7278000,0.14,0.14,5375000,144072000,39618000,99079000,338112000,170668000,167444000,43471000,-5851000,9072000,null,6862000,null,138697000,1417000,null
AXON,0001069183,2019,FY,10-K,2020-02-28,2017-12-31,2017-01-01,0001069183-20-000016,null,5207000,0.1,0.1,13023000,207088000,55373000,138692000,719540000,252216000,150888000,75105000,18471000,10419000,null,0,null,194065000,10554000,null
AXON,0001069183,2019,Q1,10-Q,2019-05-10,2018-03-31,2018-01-01,0001069183-19-000066,null,12926000,0.24,0.24,13583000,64461000,15119000,35759000,719540000,252216000,167444000,92330000,18044000,1063000,null,0,null,50878000,1920000,null
AXON,0001069183,2019,Q2,10-Q,2019-08-09,2018-03-31,2018-01-01,0001069183-19-000103,null,12926000,0.39,0.38,18882000,127604000,33620000,75102000,719540000,252216000,167444000,307507000,16106000,4665000,null,0,null,108722000,-1561000,null
AXON,0001069183,2019,Q3,10-Q,2019-11-08,2018-03-31,2018-01-01,0001069183-19-000145,null,12926000,0.49,0.47,22848000,193237000,55602000,114787000,719540000,252216000,167444000,324371000,32636000,6880000,null,0,null,170389000,-2032000,null
AXON,0001069183,2020,FY,10-K,2021-02-26,2018-12-31,2018-01-01,0001558370-21-001873,null,29205000,0.52,0.5,24841000,258583000,76856000,156886000,845639000,302144000,167444000,349462000,63875000,11139000,null,178534000,null,233742000,-1101000,null
AXON,0001069183,2020,Q1,10-Q,2020-05-08,2019-03-31,2019-01-01,0001558370-20-005817,null,6419000,0.11,0.11,2671000,68917000,23354000,42892000,845639000,302144000,467324000,223642000,-13970000,5271000,null,178534000,null,66246000,-1435000,null
AXON,0001069183,2020,Q2,10-Q,2020-08-07,2019-03-31,2019-01-01,0001069183-20-000067,null,6419000,0.12,0.12,1376000,134477000,46847000,86254000,845639000,302144000,467324000,219720000,-2576000,7861000,null,178534000,null,133101000,-1623000,null
AXON,0001069183,2020,Q3,10-Q,2020-11-06,2019-03-31,2019-01-01,0001069183-20-000075,null,6419000,0.22,0.22,7992000,214646000,71976000,134678000,845639000,302144000,467324000,202551000,19864000,12111000,null,178534000,null,206654000,709000,null
AXON,0001069183,2021,FY,10-K,2022-02-25,2019-12-31,2019-01-01,0001558370-22-002006,null,882000,0.01,0.01,-6394000,307286000,100721000,212959000,1381023000,404768000,467324000,172250000,65673000,15939000,null,406525000,null,313680000,1188000,null
AXON,0001069183,2021,Q1,10-Q,2021-05-07,2020-03-31,2020-01-01,0001558370-21-006312,null,4074000,0.07,0.07,-800000,88608000,26381000,63027000,1381023000,404768000,543495000,156540000,13415000,2209000,null,406525000,null,89408000,-3933000,null
AXON,0001069183,2021,Q2,10-Q,2021-08-06,2020-03-31,2020-01-01,0001558370-21-010634,null,4074000,-0.44,-0.44,-14476000,176785000,55941000,135320000,1381023000,404768000,543495000,319253000,-6977000,7551000,null,406525000,null,191261000,14763000,null
AXON,0001069183,2021,Q3,10-Q,2021-11-15,2020-03-31,2020-01-01,0001558370-21-016019,null,4074000,-0.45,-0.45,-19925000,275025000,85187000,209763000,1381023000,404768000,543495000,176000000,4163000,66023000,null,406525000,null,294950000,12227000,null
AXON,0001069183,2022,FY,10-K,2023-02-28,2020-12-31,2020-01-01,0001558370-23-002413,null,-1724000,-0.03,-0.03,-14150000,416331000,123195000,307286000,1688210000,640361000,543495000,155440000,38481000,72629000,null,14510000,null,430481000,-4567000,null
AXON,0001069183,2022,Q1,10-Q,2022-05-10,2021-03-31,2021-01-01,0001558370-22-008142,null,-47917000,-0.75,-0.75,-50262000,123353000,47018000,126597000,1688210000,640361000,976255000,154822000,60939000,10521000,null,14510000,null,173615000,-1760000,null
AXON,0001069183,2022,Q2,10-Q,2022-08-09,2021-03-31,2021-01-01,0001069183-22-000036,null,-47917000,-1.47,-1.47,-143947000,261282000,100970000,304259000,1688210000,640361000,976255000,266372000,95115000,24031000,null,14510000,null,405229000,-6487000,null
AXON,0001069183,2022,Q3,10-Q,2022-11-09,2021-03-31,2021-01-01,0001069183-22-000055,null,-47917000,-0.71,-0.71,-141057000,405849000,143352000,403554000,1688210000,640361000,976255000,281691000,111564000,36501000,null,14510000,null,546906000,-57651000,null
AXON,0001069183,2023,FY,10-K,2024-02-27,2021-12-31,2021-01-01,0001069183-24-000006,null,-60018000,-0.91,-0.91,-168123000,540910000,194026000,515007000,2851894000,1583403000,976255000,356332000,124494000,49886000,null,581769000,null,709033000,-81357000,null
AXON,0001069183,2023,Q1,10-Q,2023-05-09,2022-03-31,2022-01-01,0001069183-23-000030,null,54871000,0.77,0.76,17194000,155739000,48416000,90129000,2851894000,1583403000,1047849000,386367000,43964000,17098000,null,581769000,null,138545000,17622000,null
AXON,0001069183,2023,Q2,10-Q,2023-08-08,2022-03-31,2022-01-01,0001558370-23-013981,null,54871000,1.49,1.46,38605000,329702000,105963000,185134000,2851894000,1583403000,1047849000,212815000,63340000,29847000,null,581769000,null,291097000,35097000,null
AXON,0001069183,2023,Q3,10-Q,2023-11-07,2022-03-31,2022-01-01,0001558370-23-018023,null,54871000,1.66,1.63,70712000,522959000,165090000,287157000,2851894000,1583403000,1047849000,147711000,104241000,44218000,null,581769000,null,452247000,43824000,null
AXON,0001069183,2024,FY,10-K,2025-02-28,2022-12-31,2022-01-01,0001069183-25-000019,null,146930000,2.07,2.03,92973000,726113000,233810000,399330000,3409174000,1793409000,1050233000,353684000,235361000,55802000,null,644054000,null,633140000,49308000,null
AXON,0001069183,2024,Q1,10-Q,2024-05-07,2023-03-31,2023-01-01,0001069183-24-000032,null,45139000,0.62,0.61,16608000,204102000,70927000,116567000,3436845000,1824811000,1268491000,263414000,-56323000,8513000,null,644054000,null,187494000,-3255000,null
AXON,0001069183,2024,Q2,10-Q,2024-08-07,2023-03-31,2023-01-01,0001069183-24-000049,null,45139000,0.78,0.77,56867000,436223000,142867000,236489000,3436845000,1824811000,1268491000,474203000,-13667000,21650000,null,644054000,null,379356000,-27784000,null
AXON,0001069183,2024,Q3,10-Q,2024-11-08,2021-12-31,2021-01-01,0001069183-24-000061,null,-56339000,-0.85,1.58,-163149000,545722000,219747000,514845000,3409174000,1793409000,1270666000,406042000,49225000,35624000,null,644054000,null,708871000,-80062000,null
AXON,0001069183,2025,Q1,10-Q,2025-05-07,2024-03-31,2024-01-01,0001069183-25-000077,null,133352000,1.77,1.73,16456000,258628000,91097000,151075000,4474588000,2146923000,1615765000,403870000,-15938000,16194000,680289000,333235000,null,242172000,32544000,null
AXON,0001069183,2025,Q2,10-Q,2025-08-05,2024-03-31,2024-01-01,0001069183-25-000181,null,133352000,2.32,2.26,50214000,564784000,192531000,322039000,4474588000,2146923000,1615765000,566452000,66825000,27512000,680289000,333235000,null,514570000,42545000,null
AXON,0001069183,2025,Q3,10-Q,2025-11-05,2024-03-31,2024-01-01,0001628280-25-049143,null,133352000,3.2,3.12,74295000,895531000,307008000,514228000,4474588000,2146923000,1615765000,695144000,158146000,53984000,680289000,333235000,null,821236000,55089000,null
