ticker,cik,fy,fp,form,filed,end,start,accn,Revenues,NetIncomeLoss,EarningsPerShareBasic,EarningsPerShareDiluted,OperatingIncomeLoss,GrossProfit,ResearchAndDevelopmentExpense,SellingGeneralAndAdministrativeExpense,Assets,Liabilities,StockholdersEquity,CashAndCashEquivalentsAtCarryingValue,NetCashProvidedByUsedInOperatingActivities,PaymentsToAcquirePropertyPlantAndEquipment,LongTermDebt,ShortTermInvestments,CostOfRevenue,OperatingExpenses,IncomeTaxExpenseBenefit,AccountsReceivableNetCurrent
CPRT,0000900075,2016,FY,10-K,2016-09-28,2014-07-31,2013-08-01,0000900075-16-000081,1163489000,178687000,1.42,1.36,274934000,122308000,null,null,1506121000,834196000,762401000,63631000,null,81510000,638000000,null,null,null,91348000,215696000
CPRT,0000900075,2016,Q1,10-Q,2015-11-24,2014-10-31,2014-08-01,0001628280-15-008971,null,52615000,0.42,0.4,82401000,null,null,null,1799952000,835488000,964464000,158668000,null,23388000,null,null,null,null,29608000,215696000
CPRT,0000900075,2016,Q2,10-Q,2016-02-25,2015-01-31,2014-08-01,0000900075-16-000018,null,104808000,0.83,0.8,162869000,null,null,null,1799952000,835488000,964464000,158668000,null,39459000,null,null,null,null,57519000,215696000
CPRT,0000900075,2016,Q3,10-Q,2016-05-26,2015-04-30,2014-08-01,0000900075-16-000038,null,162371000,1.29,1.23,257636000,null,null,null,1799952000,835488000,964464000,158668000,null,49079000,null,null,null,null,88252000,215696000
CPRT,0000900075,2017,FY,10-K,2017-09-28,2015-07-31,2014-08-01,0000900075-17-000044,1146079000,219783000,0.87,0.84,344401000,120861000,null,null,1798660000,875364000,null,158668000,null,79153000,631000000,null,null,null,112286000,266270000
CPRT,0000900075,2017,Q1,10-Q,2016-11-30,2015-10-31,2015-08-01,0000900075-16-000108,288838000,52610000,0.44,0.41,86246000,null,null,null,1649820000,875364000,774456000,456012000,null,20167000,null,null,null,null,29150000,266270000
CPRT,0000900075,2017,Q2,10-Q,2017-02-28,2016-01-31,2015-08-01,0000900075-17-000013,588544000,111614000,0.94,0.89,178331000,null,null,null,1649820000,875364000,774456000,456012000,null,77763000,null,null,null,null,61698000,266270000
CPRT,0000900075,2017,Q3,10-Q,2017-05-25,2016-04-30,2015-08-01,0000900075-17-000032,935790000,186238000,0.8,0.75,300279000,null,null,null,1649820000,875364000,774456000,456012000,null,143833000,null,null,null,null,103642000,266270000
CPRT,0000900075,2018,FY,10-K,2018-10-01,2016-07-31,2015-08-01,0000900075-18-000048,1268449000,270360000,1.18,1.11,406470000,145293000,null,null,1649820000,883901000,null,456012000,null,173917000,400000000,null,null,null,125505000,311846000
CPRT,0000900075,2018,Q1,10-Q,2017-11-28,2016-10-31,2016-08-01,0000900075-17-000062,345991000,167280000,0.74,0.7,104824000,null,null,null,1982501000,883901000,1098600000,155849000,null,38209000,null,null,null,null,-64746000,311846000
CPRT,0000900075,2018,Q2,10-Q,2018-02-27,2017-01-31,2016-08-01,0000900075-18-000015,695523000,233346000,1.03,0.99,213704000,null,null,null,1982501000,883901000,1098600000,155849000,null,92412000,null,null,null,null,-30713000,311846000
CPRT,0000900075,2018,Q3,10-Q,2018-05-25,2017-04-30,2016-08-01,0000900075-18-000025,1069385000,323892000,1.42,1.37,350492000,null,null,null,1982501000,883901000,1098600000,155849000,null,124710000,null,null,null,null,9829000,311846000
CPRT,0000900075,2019,FY,10-K,2019-09-30,2017-10-31,2017-08-01,0000900075-19-000022,419168000,394227000,1.72,1.66,461299000,163264000,null,null,1982501000,726599000,null,155849000,492058000,172178000,400000000,null,null,null,45839000,351601000
CPRT,0000900075,2019,Q1,10-Q,2018-11-29,2017-10-31,2017-08-01,0000900075-18-000067,null,77515000,0.34,0.32,123942000,null,null,null,2307698000,726599000,1581099000,210100000,null,41484000,null,null,null,null,36568000,351601000
CPRT,0000900075,2019,Q2,10-Q,2019-02-28,2018-01-31,2017-08-01,0000900075-19-000008,null,180771000,0.78,0.75,274889000,null,null,null,2307698000,726599000,1581099000,210100000,null,110905000,null,null,null,null,77705000,351601000
CPRT,0000900075,2019,Q3,10-Q,2019-05-29,2018-04-30,2017-08-01,0000900075-19-000014,null,308119000,1.33,1.28,449508000,null,null,null,2307698000,726599000,1581099000,210100000,null,179695000,null,null,null,null,121516000,351601000
CPRT,0000900075,2020,FY,10-K,2020-09-28,2018-10-31,2018-08-01,0000900075-20-000021,461368000,417867000,1.8,1.73,584345000,195918000,null,null,2307698000,769236000,null,null,535069000,287910000,400000000,null,null,null,144504000,367265000
CPRT,0000900075,2020,Q1,10-Q,2019-11-25,2018-10-31,2018-08-01,0000900075-19-000028,null,114083000,0.49,0.47,151440000,null,null,null,2547617000,769236000,1581099000,274520000,107683000,62336000,null,null,null,null,34703000,367265000
CPRT,0000900075,2020,Q2,10-Q,2020-02-27,2018-10-31,2018-08-01,0000900075-20-000006,null,114083000,1.06,1.01,316179000,null,null,null,2547617000,769236000,1581099000,274520000,215204000,136727000,null,null,null,null,68296000,367265000
CPRT,0000900075,2020,Q3,10-Q,2020-05-28,2018-10-31,2018-08-01,0000900075-20-000014,null,114083000,1.9,1.82,523673000,null,null,null,2547617000,769236000,1581099000,274520000,453496000,259336000,null,null,null,null,79684000,367265000
CPRT,0000900075,2021,FY,10-K,2021-09-27,2019-07-31,2018-08-01,0000900075-21-000022,null,null,2.57,2.46,716475000,null,null,null,2547617000,965745000,null,null,646646000,373883000,400000000,null,null,null,113258000,350207000
CPRT,0000900075,2021,Q1,10-Q,2020-11-20,2019-10-31,2019-08-01,0000900075-20-000029,null,218180000,0.94,0.91,205391000,null,null,null,3455261000,965745000,1778381000,186319000,212458000,131793000,null,null,null,null,-16098000,350207000
CPRT,0000900075,2021,Q2,10-Q,2021-02-24,2019-10-31,2019-08-01,0000900075-21-000007,null,218180000,1.67,1.62,415283000,null,null,null,3455261000,965745000,1778381000,186319000,356920000,400352000,null,null,null,null,20269000,350207000
CPRT,0000900075,2021,Q3,10-Q,2021-05-24,2019-10-31,2019-08-01,0000900075-21-000014,null,218180000,2.3,2.24,610384000,null,null,null,3455261000,965745000,1778381000,186319000,650968000,487730000,null,null,null,null,64582000,350207000
CPRT,0000900075,2022,FY,10-K,2022-09-27,2020-07-31,2019-08-01,0000900075-22-000050,null,699907000,3,2.93,816099000,null,null,null,4562143000,1032942000,1778381000,null,917885000,591972000,null,null,null,null,100932000,480628000
CPRT,0000900075,2022,Q1,10-Q,2021-11-19,2020-10-31,2020-08-01,0000900075-21-000032,null,200285000,0.85,0.83,248594000,null,null,null,4562143000,1032942000,2489516000,1048260000,258533000,147093000,null,null,null,null,46530000,480628000
CPRT,0000900075,2022,Q2,10-Q,2022-03-03,2020-10-31,2020-08-01,0000900075-22-000015,null,200285000,1.67,1.64,506815000,null,null,null,4562143000,1032942000,2489516000,1048260000,393041000,283214000,null,null,null,null,105542000,480628000
CPRT,0000900075,2022,Q3,10-Q,2022-05-25,2020-10-31,2020-08-01,0000900075-22-000037,null,200285000,2.88,2.83,834926000,null,null,null,4562143000,1032942000,2489516000,1048260000,762205000,364395000,null,null,null,null,142281000,480628000
CPRT,0000900075,2023,FY,10-K,2023-09-28,2021-07-31,2020-08-01,0000900075-23-000034,null,936495000,0.99,0.97,1136426000,null,null,null,5308864000,683265000,2489516000,null,990891000,462996000,0,null,null,null,185351000,578573000
CPRT,0000900075,2023,Q1,10-Q,2022-11-18,2021-10-31,2021-08-01,0000900075-22-000065,null,260363000,0.55,0.54,330121000,null,null,null,5308864000,683265000,3529201000,1384236000,312540000,64696000,null,null,null,null,65463000,578573000
CPRT,0000900075,2023,Q2,10-Q,2023-02-24,2021-10-31,2021-08-01,0000900075-23-000010,null,260363000,1.15,1.14,677449000,null,null,null,5308864000,683265000,3529201000,1384236000,446548000,156200000,null,null,null,null,120106000,578573000
CPRT,0000900075,2023,Q3,10-Q,2023-05-25,2021-10-31,2021-08-01,0000900075-23-000021,null,260363000,1.74,1.71,1050204000,null,null,null,5308864000,683265000,3529201000,1384236000,863854000,234810000,null,null,null,null,211091000,578573000
CPRT,0000900075,2024,FY,10-K,2024-09-30,2022-07-31,2021-08-01,0000900075-24-000024,null,1090130000,1.15,1.13,1374997000,null,null,null,5308864000,750439000,null,null,1176683000,337448000,null,null,null,null,250824000,702038000
CPRT,0000900075,2024,Q1,10-Q,2023-11-21,2022-10-31,2022-08-01,0000900075-23-000043,null,245848000,0.26,0.25,311503000,null,null,null,6737879000,750439000,null,null,311559000,152655000,null,null,null,null,67255000,702038000
CPRT,0000900075,2024,Q2,10-Q,2024-02-27,2023-01-31,2022-08-01,0000900075-24-000007,null,539525000,0.57,0.56,677028000,null,null,null,6737879000,750439000,null,null,499833000,256719000,null,null,null,null,150681000,702038000
CPRT,0000900075,2024,Q3,10-Q,2024-05-23,2023-04-30,2022-08-01,0000900075-24-000014,null,889956000,0.93,0.92,1095952000,null,null,null,6737879000,750439000,null,null,1005633000,346524000,null,null,null,null,240680000,702038000
CPRT,0000900075,2025,FY,10-K,2025-09-26,2023-07-31,2022-08-01,0001628280-25-042946,null,1237741000,1.3,1.28,1486569000,null,null,null,6737879000,879209000,null,null,1364210000,516636000,null,null,null,null,316587000,785877000
CPRT,0000900075,2025,Q1,10-Q,2024-11-26,2023-10-31,2023-08-01,0000900075-24-000030,null,332527000,0.35,0.34,395376000,null,null,null,8427764000,879209000,null,null,375246000,162260000,null,null,null,null,90777000,785877000
CPRT,0000900075,2025,Q2,10-Q,2025-02-26,2024-01-31,2023-08-01,0000900075-25-000007,null,658162000,0.69,0.68,775276000,null,null,null,8427764000,879209000,null,null,537039000,285289000,null,null,null,null,176003000,785877000
CPRT,0000900075,2025,Q3,10-Q,2025-06-03,2024-04-30,2023-08-01,0001628280-25-029093,null,1040453000,1.08,1.07,1212479000,null,null,null,8427764000,879209000,null,null,1033343000,373104000,null,null,null,null,266005000,785877000
