ticker,cik,fy,fp,form,filed,end,start,accn,Revenues,NetIncomeLoss,EarningsPerShareBasic,EarningsPerShareDiluted,OperatingIncomeLoss,GrossProfit,ResearchAndDevelopmentExpense,SellingGeneralAndAdministrativeExpense,Assets,Liabilities,StockholdersEquity,CashAndCashEquivalentsAtCarryingValue,NetCashProvidedByUsedInOperatingActivities,PaymentsToAcquirePropertyPlantAndEquipment,LongTermDebt,ShortTermInvestments,CostOfRevenue,OperatingExpenses,IncomeTaxExpenseBenefit,AccountsReceivableNetCurrent
CSCO,0000858877,2016,FY,10-K,2016-09-08,2014-07-26,2013-07-28,0000858877-16-000117,47142000000,7853000000,1.5,1.49,9345000000,27769000000,6294000000,null,113373000000,53666000000,59698000000,7925000000,null,1275000000,25351000000,null,null,18424000000,1862000000,5344000000
CSCO,0000858877,2016,Q1,10-Q,2015-11-19,2014-10-25,2014-07-27,0000858877-15-000073,12245000000,1828000000,0.36,0.35,2342000000,7333000000,1583000000,null,113481000000,53774000000,59698000000,6726000000,null,285000000,25351000000,null,null,4991000000,532000000,5344000000
CSCO,0000858877,2016,Q2,10-Q,2016-02-18,2015-01-24,2014-07-27,0000858877-16-000090,24181000000,4225000000,0.83,0.82,4964000000,14423000000,3112000000,null,113481000000,53774000000,59698000000,6726000000,null,550000000,25351000000,null,null,9459000000,1008000000,5344000000
CSCO,0000858877,2016,Q3,10-Q,2016-05-24,2015-04-25,2014-07-27,0000858877-16-000109,36318000000,6662000000,1.3,1.29,7889000000,21948000000,4659000000,null,113481000000,53774000000,59698000000,6726000000,null,907000000,25351000000,null,null,14059000000,1606000000,5344000000
CSCO,0000858877,2017,FY,10-K,2017-09-07,2015-07-25,2014-07-27,0000858877-17-000016,null,8981000000,1.76,1.75,10770000000,29681000000,6207000000,null,121652000000,58067000000,63586000000,6726000000,null,1227000000,28642000000,null,null,18911000000,2220000000,5847000000
CSCO,0000858877,2017,Q1,10-Q,2016-11-22,2015-10-24,2015-07-26,0000858877-16-000123,12682000000,2430000000,0.48,0.48,3079000000,7832000000,1560000000,null,121652000000,58067000000,63586000000,6877000000,null,262000000,28642000000,null,null,4753000000,707000000,5847000000
CSCO,0000858877,2017,Q2,10-Q,2017-02-21,2016-01-23,2015-07-26,0000858877-17-000004,null,5577000000,1.1,1.09,6373000000,15264000000,3069000000,null,121652000000,58067000000,63586000000,6877000000,6688000000,576000000,28642000000,null,null,8891000000,866000000,5847000000
CSCO,0000858877,2017,Q3,10-Q,2017-05-23,2016-04-30,2015-07-26,0000858877-17-000010,null,7926000000,1.57,1.56,9357000000,22985000000,4695000000,null,121652000000,58067000000,63586000000,6877000000,9752000000,880000000,28642000000,null,null,13628000000,1600000000,5847000000
CSCO,0000858877,2018,FY,10-K,2018-09-06,2016-07-30,2015-07-26,0000858877-18-000011,49247000000,10739000000,2.13,2.11,12660000000,30960000000,6296000000,null,129818000000,63681000000,66137000000,6877000000,13570000000,1146000000,30472000000,null,null,18300000000,2181000000,5146000000
CSCO,0000858877,2018,Q1,10-Q,2017-11-21,2016-10-29,2016-07-31,0000858877-17-000019,null,2322000000,0.46,0.46,2877000000,7884000000,1545000000,null,129818000000,63681000000,66137000000,7631000000,2730000000,275000000,30472000000,null,null,5007000000,631000000,5146000000
CSCO,0000858877,2018,Q2,10-Q,2018-02-20,2017-01-28,2016-07-31,0000858877-18-000004,null,4670000000,0.93,0.92,5770000000,15160000000,3053000000,null,129818000000,63681000000,66137000000,7631000000,6502000000,526000000,30472000000,null,null,9390000000,1246000000,5146000000
CSCO,0000858877,2018,Q3,10-Q,2018-05-22,2017-04-29,2016-07-31,0000858877-18-000007,null,7185000000,1.43,1.42,8939000000,22678000000,4560000000,null,129818000000,63681000000,66137000000,7631000000,9875000000,756000000,30472000000,null,null,13739000000,1922000000,5146000000
CSCO,0000858877,2019,FY,10-K,2019-09-05,2017-07-29,2016-07-31,0000858877-19-000012,null,9609000000,1.92,1.9,11973000000,30224000000,6059000000,null,108784000000,65580000000,43204000000,8934000000,13876000000,964000000,25569000000,37614000000,null,18251000000,2678000000,5554000000
CSCO,0000858877,2019,Q1,10-Q,2018-11-20,2017-10-28,2017-07-30,0000858877-18-000015,null,2394000000,0.48,0.48,2756000000,7427000000,1567000000,null,108784000000,65580000000,43204000000,8934000000,3080000000,168000000,25569000000,null,null,4671000000,568000000,5554000000
CSCO,0000858877,2019,Q2,10-Q,2019-02-19,2018-01-27,2017-07-30,0000858877-19-000003,null,-6384000000,-1.29,-1.29,5829000000,14925000000,3116000000,null,108784000000,65580000000,43204000000,8934000000,7150000000,379000000,25569000000,null,null,9096000000,12578000000,5554000000
CSCO,0000858877,2019,Q3,10-Q,2019-05-21,2018-04-28,2017-07-30,0000858877-19-000007,null,-3693000000,-0.76,-0.76,8963000000,22684000000,4706000000,null,108784000000,65580000000,43204000000,8934000000,9566000000,620000000,25569000000,37614000000,null,13721000000,13140000000,5554000000
CSCO,0000858877,2020,FY,10-K,2020-09-03,2018-07-28,2017-07-30,0000858877-20-000010,null,110000000,0.02,0.02,12309000000,30606000000,6332000000,null,97793000000,64222000000,66137000000,11750000000,13666000000,834000000,20473000000,21663000000,null,18297000000,12929000000,5491000000
CSCO,0000858877,2020,Q1,10-Q,2019-11-19,2018-10-27,2018-07-29,0000858877-19-000018,null,3549000000,0.78,0.77,3805000000,8146000000,1608000000,null,97793000000,64222000000,33571000000,11750000000,3763000000,212000000,20473000000,21663000000,null,4341000000,360000000,5491000000
CSCO,0000858877,2020,Q2,10-Q,2020-02-18,2019-01-26,2018-07-29,0000858877-20-000004,null,6371000000,1.41,1.4,7016000000,15919000000,3165000000,null,97793000000,64222000000,33571000000,11750000000,7560000000,473000000,20473000000,21663000000,null,8903000000,881000000,5491000000
CSCO,0000858877,2020,Q3,10-Q,2020-05-18,2019-04-27,2018-07-29,0000858877-20-000006,null,9415000000,2.11,2.09,10529000000,24092000000,4824000000,null,97793000000,64222000000,43204000000,11750000000,11889000000,701000000,20473000000,21663000000,null,13563000000,1452000000,5491000000
CSCO,0000858877,2021,FY,10-K,2021-09-09,2019-07-27,2018-07-29,0000858877-21-000013,null,11621000000,2.63,2.61,14219000000,32666000000,6577000000,null,94853000000,56933000000,43204000000,11809000000,15831000000,909000000,14583000000,17610000000,null,18447000000,2950000000,5472000000
CSCO,0000858877,2021,Q1,10-Q,2020-11-17,2019-10-26,2019-07-28,0000858877-20-000015,null,2926000000,0.69,0.68,3579000000,8464000000,1666000000,null,94853000000,56933000000,33571000000,11809000000,3587000000,202000000,14583000000,17610000000,null,4885000000,760000000,5472000000
CSCO,0000858877,2021,Q2,10-Q,2021-02-16,2020-01-25,2019-07-28,0000858877-21-000004,null,5804000000,1.37,1.36,6959000000,16228000000,3236000000,null,94853000000,56933000000,33571000000,11809000000,7387000000,391000000,14583000000,17610000000,null,9269000000,1416000000,5472000000
CSCO,0000858877,2021,Q3,10-Q,2021-05-25,2020-04-25,2019-07-28,0000858877-21-000008,null,8578000000,2.02,2.01,10373000000,23999000000,4782000000,null,94853000000,56933000000,33571000000,11809000000,11624000000,562000000,14583000000,17610000000,null,13626000000,2086000000,5472000000
CSCO,0000858877,2022,FY,10-K,2022-09-08,2020-07-25,2019-07-28,0000858877-22-000013,null,11214000000,2.65,2.64,13620000000,31683000000,6347000000,null,97497000000,56222000000,33571000000,9175000000,15426000000,770000000,11526000000,15343000000,null,18063000000,2756000000,5766000000
CSCO,0000858877,2022,Q1,10-Q,2021-11-23,2020-10-24,2020-07-26,0000858877-21-000018,null,2174000000,0.51,0.51,2570000000,7581000000,1612000000,null,97497000000,56222000000,37920000000,9175000000,4096000000,171000000,11526000000,15343000000,null,5011000000,507000000,5766000000
CSCO,0000858877,2022,Q2,10-Q,2022-02-22,2021-01-23,2020-07-26,0000858877-22-000004,null,4719000000,1.12,1.11,5793000000,15365000000,3139000000,null,97497000000,56222000000,37920000000,9175000000,7070000000,358000000,11526000000,15343000000,null,9572000000,1217000000,5766000000
CSCO,0000858877,2022,Q3,10-Q,2022-05-25,2021-05-01,2020-07-26,0000858877-22-000009,null,7582000000,1.79,1.79,9258000000,23550000000,4836000000,null,97497000000,56222000000,37920000000,9175000000,10950000000,530000000,11526000000,15343000000,null,14292000000,1945000000,5766000000
CSCO,0000858877,2023,FY,10-K,2023-09-07,2021-07-31,2020-07-26,0000858877-23-000023,null,10591000000,2.51,2.5,12833000000,31894000000,6549000000,null,94002000000,54229000000,37920000000,7079000000,15454000000,692000000,8915000000,12188000000,null,19061000000,2671000000,6622000000
CSCO,0000858877,2023,Q1,10-Q,2022-11-22,2021-10-30,2021-08-01,0000858877-22-000025,null,2980000000,0.71,0.7,3438000000,8053000000,1714000000,null,94002000000,54229000000,41275000000,7079000000,3427000000,122000000,8915000000,12188000000,null,4615000000,677000000,6622000000
CSCO,0000858877,2023,Q2,10-Q,2023-02-21,2022-01-29,2021-08-01,0000858877-23-000005,null,5953000000,1.42,1.41,6925000000,16102000000,3384000000,null,94002000000,54229000000,41275000000,7079000000,5888000000,232000000,8915000000,12188000000,null,9177000000,1307000000,6622000000
CSCO,0000858877,2023,Q3,10-Q,2023-05-24,2022-04-30,2021-08-01,0000858877-23-000013,null,8997000000,2.15,2.14,10535000000,24223000000,5092000000,null,94002000000,54229000000,41275000000,7079000000,9549000000,338000000,8915000000,12188000000,null,13688000000,2064000000,6622000000
CSCO,0000858877,2024,FY,10-K,2024-09-05,2022-07-30,2021-08-01,0000858877-24-000017,null,11812000000,2.83,2.82,13969000000,32248000000,6774000000,null,101852000000,57499000000,41275000000,10123000000,13226000000,477000000,8391000000,16023000000,null,18279000000,2665000000,5854000000
CSCO,0000858877,2024,Q1,10-Q,2023-11-21,2022-10-29,2022-07-31,0000858877-23-000031,null,2670000000,0.65,0.65,3540000000,8346000000,1781000000,null,101852000000,57499000000,39773000000,10123000000,3962000000,176000000,8391000000,16023000000,null,4806000000,805000000,5854000000
CSCO,0000858877,2024,Q2,10-Q,2024-02-20,2023-01-28,2022-07-31,0000858877-24-000003,null,5443000000,1.33,1.32,6832000000,16773000000,3636000000,null,101852000000,57499000000,39773000000,10123000000,8701000000,346000000,8391000000,16023000000,null,9941000000,1447000000,5854000000
CSCO,0000858877,2024,Q3,10-Q,2024-05-21,2023-04-29,2022-07-31,0000858877-24-000007,null,8655000000,2.11,2.11,10778000000,26005000000,5598000000,null,101852000000,57499000000,39773000000,10123000000,13920000000,616000000,8391000000,16023000000,null,15227000000,2192000000,5854000000
CSCO,0000858877,2025,FY,10-K,2025-09-03,2023-07-29,2022-07-31,0000858877-25-000111,null,12613000000,3.08,3.07,15031000000,35753000000,7551000000,null,124413000000,78956000000,39773000000,7508000000,19886000000,849000000,20109000000,10346000000,null,20722000000,2705000000,6685000000
CSCO,0000858877,2025,Q1,10-Q,2024-11-19,2023-10-28,2023-07-30,0000858877-24-000030,null,3638000000,0.9,0.89,4276000000,9557000000,1913000000,null,124413000000,78956000000,44353000000,7508000000,2371000000,134000000,20109000000,10346000000,null,5281000000,804000000,6685000000
CSCO,0000858877,2025,Q2,10-Q,2025-02-18,2024-01-27,2023-07-30,0000858877-25-000007,null,6272000000,1.55,1.54,7372000000,17774000000,3856000000,null,124413000000,78956000000,44353000000,7508000000,3179000000,304000000,20109000000,10346000000,null,10402000000,1331000000,6685000000
CSCO,0000858877,2025,Q3,10-Q,2025-05-20,2024-04-27,2023-07-30,0000858877-25-000033,null,8158000000,2.01,2,9563000000,26047000000,5804000000,null,124413000000,78956000000,44353000000,7508000000,7150000000,472000000,20109000000,10346000000,null,16484000000,1680000000,6685000000
