ticker,cik,fy,fp,form,filed,end,start,accn,Revenues,NetIncomeLoss,EarningsPerShareBasic,EarningsPerShareDiluted,OperatingIncomeLoss,GrossProfit,ResearchAndDevelopmentExpense,SellingGeneralAndAdministrativeExpense,Assets,Liabilities,StockholdersEquity,CashAndCashEquivalentsAtCarryingValue,NetCashProvidedByUsedInOperatingActivities,PaymentsToAcquirePropertyPlantAndEquipment,LongTermDebt,ShortTermInvestments,CostOfRevenue,OperatingExpenses,IncomeTaxExpenseBenefit,AccountsReceivableNetCurrent
CSGP,0001057352,2016,FY,10-K,2017-02-24,2014-12-31,2014-01-01,0001057352-17-000008,575936000,44869000,1.48,1.46,80878000,418957000,null,null,2079571000,535791000,927862000,255953000,143909000,null,355112000,null,156979000,338079000,26044000,40276000
CSGP,0001057352,2016,Q1,10-Q,2016-04-28,2015-03-31,2015-01-01,0001057352-16-000128,159020000,-6127000,-0.19,-0.19,-3507000,113624000,null,null,2079571000,535791000,1543780000,527012000,30169000,null,355112000,0,45396000,117131000,571000,40276000
CSGP,0001057352,2016,Q2,10-Q,2016-07-28,2015-06-30,2015-01-01,0001057352-16-000143,329677000,-21093000,-0.66,-0.66,-23636000,239647000,null,null,2079571000,535791000,1543780000,527012000,26956000,null,355112000,0,90030000,263283000,-6809000,40276000
CSGP,0001057352,2016,Q3,10-Q,2016-10-27,2015-09-30,2015-01-01,0001057352-16-000165,518755000,-26455000,-0.83,-0.83,-24067000,374997000,null,null,2079571000,535791000,1543780000,527012000,69716000,null,355112000,0,143758000,399064000,-4199000,40276000
CSGP,0001057352,2017,FY,10-K,2018-02-23,2015-12-31,2015-01-01,0001057352-18-000011,711764000,-3465000,-0.11,-0.11,11455000,522879000,null,null,2185063000,530850000,1513546000,527012000,139773000,null,338339000,null,188885000,511424000,6046000,48537000
CSGP,0001057352,2017,Q1,10-Q,2017-04-27,2016-03-31,2016-01-01,0001057352-17-000027,199739000,16721000,0.52,0.52,30301000,156839000,null,null,2185063000,530850000,1654213000,421818000,48356000,null,338339000,null,42900000,126538000,11155000,48537000
CSGP,0001057352,2017,Q2,10-Q,2017-07-27,2016-06-30,2016-01-01,0001057352-17-000045,406608000,32297000,1.01,1,58420000,321029000,null,null,2185063000,530850000,1654213000,421818000,86694000,null,338339000,null,85579000,262609000,21402000,48537000
CSGP,0001057352,2017,Q3,10-Q,2017-10-26,2016-09-30,2016-01-01,0001057352-17-000075,619319000,55498000,1.73,1.71,98016000,491518000,null,null,2185063000,530850000,1654213000,421818000,148460000,null,338339000,null,127801000,393502000,35643000,48537000
CSGP,0001057352,2018,FY,10-K,2019-02-28,2016-12-31,2016-01-01,0001057352-19-000017,null,85071000,2.64,2.62,144905000,663816000,null,null,2873441000,222191000,1543780000,421818000,200642000,null,0,null,51346000,518911000,51591000,60900000
CSGP,0001057352,2018,Q1,10-Q,2018-04-25,2017-03-31,2017-01-01,0001057352-18-000066,226553000,22130000,0.69,0.68,37662000,175207000,null,null,2873441000,222191000,2651250000,567223000,64557000,null,null,null,51346000,137545000,13275000,60900000
CSGP,0001057352,2018,Q2,10-Q,2018-07-25,2017-06-30,2017-01-01,0001057352-18-000082,null,44314000,1.37,1.36,65545000,357087000,null,null,2873441000,222191000,2651250000,567223000,95363000,null,null,null,null,291542000,16886000,60900000
CSGP,0001057352,2018,Q3,10-Q,2018-10-24,2017-09-30,2017-01-01,0001057352-18-000115,null,78491000,2.42,2.4,123058000,549137000,null,null,2873441000,222191000,2651250000,567223000,163307000,null,null,null,null,426079000,37876000,60900000
CSGP,0001057352,2019,FY,10-K,2020-02-26,2017-12-31,2017-01-01,0001057352-20-000036,null,122695000,3.7,3.66,173816000,744827000,null,null,3312957000,291015000,1654213000,1100416000,234703000,null,0,null,62477000,571011000,42363000,89192000
CSGP,0001057352,2019,Q1,10-Q,2019-04-24,2018-03-31,2018-01-01,0001057352-19-000052,null,52231000,1.46,1.44,53445000,211241000,null,null,3312957000,291015000,2651250000,1211463000,72985000,null,0,null,null,157796000,3511000,89192000
CSGP,0001057352,2019,Q2,10-Q,2019-07-24,2018-03-31,2018-01-01,0001057352-19-000065,null,52231000,2.67,2.64,97219000,441123000,null,null,3312957000,291015000,2651250000,1211463000,119317000,null,0,null,null,343904000,5374000,89192000
CSGP,0001057352,2019,Q3,10-Q,2019-10-23,2018-03-31,2018-01-01,0001057352-19-000094,null,52231000,4.3,4.25,167907000,674576000,null,null,3312957000,291015000,2651250000,1100416000,220684000,null,0,null,null,506669000,19621000,89192000
CSGP,0001057352,2020,FY,10-K,2021-02-24,2018-12-31,2018-01-01,0001057352-21-000032,null,238334000,6.61,6.54,273564000,921899000,null,null,3853986000,448393000,2651250000,1070731000,335458000,null,1000000000,null,null,648335000,45681000,92240000
CSGP,0001057352,2020,Q1,10-Q,2020-04-29,2019-03-31,2019-01-01,0001057352-20-000071,null,85169000,2.35,2.33,93492000,257272000,null,null,3853986000,448393000,3021942000,1070731000,148494000,null,null,null,null,163780000,12536000,92240000
CSGP,0001057352,2020,Q2,10-Q,2020-07-29,2019-03-31,2019-01-01,0001057352-20-000093,null,85169000,4.09,4.06,168292000,529114000,null,null,3853986000,448393000,null,1070731000,233567000,null,null,null,null,360822000,29304000,92240000
CSGP,0001057352,2020,Q3,10-Q,2020-10-28,2019-03-31,2019-01-01,0001057352-20-000126,null,85169000,6.26,6.2,262561000,810750000,null,null,3853986000,448393000,null,1070731000,350017000,null,1000000000,null,null,548189000,49608000,92240000
CSGP,0001057352,2021,FY,10-K,2022-02-23,2019-12-31,2019-01-01,0001057352-22-000027,null,314963000,0.87,0.86,363547000,1110480000,null,null,6915420000,1540061000,3021942000,3693813000,457780000,0,1000000000,null,null,746933000,75986000,103949000
CSGP,0001057352,2021,Q1,10-Q,2021-04-28,2019-09-30,2019-07-01,0001057352-21-000067,null,72793000,2,1.98,75864000,312938000,null,null,6915420000,1540061000,null,3693813000,131464000,null,1000000000,null,null,237074000,5563000,103949000
CSGP,0001057352,2021,Q2,10-Q,2021-07-28,2020-03-31,2020-01-01,0001057352-21-000082,null,72793000,0.36,0.36,157183000,636057000,null,null,6915420000,1540061000,3405593000,3693813000,248646000,null,1000000000,null,null,478874000,22452000,103949000
CSGP,0001057352,2021,Q3,10-Q,2021-10-27,2020-03-31,2020-01-01,0001057352-21-000104,null,72793000,0.51,0.5,233992000,983812000,null,null,6915420000,1540061000,3405593000,3693813000,355338000,null,1000000000,null,null,749820000,33200000,103949000
CSGP,0001057352,2022,FY,10-K,2023-02-22,2020-12-31,2020-01-01,0001057352-23-000030,null,227128000,0.6,0.59,289202000,1350051000,null,null,7256871000,1545199000,3405593000,3800000000,486106000,0,1000000000,null,null,1060849000,43852000,124817000
CSGP,0001057352,2022,Q1,10-Q,2022-04-28,2021-03-31,2021-01-01,0001057352-22-000054,null,74212000,0.19,0.19,101209000,368949000,null,null,7256871000,1545199000,5375359000,null,87853000,123259000,1000000000,null,null,267740000,19069000,124817000
CSGP,0001057352,2022,Q2,10-Q,2022-07-27,2021-03-31,2021-01-01,0001057352-22-000084,null,74212000,0.35,0.34,202220000,759716000,null,null,7256871000,1545199000,5375359000,null,220289000,123623000,1000000000,null,null,557496000,51902000,124817000
CSGP,0001057352,2022,Q3,10-Q,2022-10-26,2021-03-31,2021-01-01,0001057352-22-000121,null,74212000,0.51,0.51,291952000,1166438000,null,null,7256871000,1545199000,5375359000,null,319218000,123623000,1000000000,null,null,874486000,70933000,124817000
CSGP,0001057352,2023,FY,10-K,2024-02-22,2021-12-31,2021-01-01,0001057352-24-000013,null,292600000,0.75,0.74,432300000,1586900000,null,null,8402500000,1532500000,5375200000,5000000000,469700000,123700000,1000000000,null,null,1154600000,111400000,153900000
CSGP,0001057352,2023,Q1,10-Q,2023-04-26,2022-03-31,2022-01-01,0001057352-23-000075,null,89318000,0.23,0.23,128275000,420346000,null,null,8402470000,1532349000,5711672000,null,130707000,0,1000000000,null,null,292071000,32103000,153945000
CSGP,0001057352,2023,Q2,10-Q,2023-07-26,2022-03-31,2022-01-01,0001057352-23-000111,null,89318000,0.44,0.44,238458000,855683000,null,null,8402470000,1532349000,5711672000,null,212099000,25664000,1000000000,null,null,617225000,56757000,153945000
CSGP,0001057352,2023,Q3,10-Q,2023-10-25,2022-03-31,2022-01-01,0001057352-23-000127,null,89318000,0.62,0.62,323787000,1304240000,null,null,8402470000,1532349000,5711672000,null,293589000,31530000,1000000000,null,null,980453000,81841000,153945000
CSGP,0001057352,2024,FY,10-K,2025-02-20,2022-12-31,2022-01-01,0001057352-25-000016,null,369500000,0.93,0.93,451000000,1768400000,null,null,8919700000,1581100000,5711500000,5200000000,478700000,35200000,1000000000,null,null,1317400000,117000000,190000000
CSGP,0001057352,2024,Q1,10-Q,2024-04-24,2023-03-31,2023-01-01,0001057352-24-000059,null,87100000,0.22,0.21,72200000,465200000,null,null,8919700000,1581100000,6870100000,null,123200000,15700000,1000000000,null,null,393000000,29200000,190000000
CSGP,0001057352,2024,Q2,10-Q,2024-07-25,2023-03-31,2023-01-01,0001057352-24-000091,null,87100000,0.46,0.46,151400000,958700000,null,null,8919700000,1581100000,6870100000,null,298400000,45600000,1000000000,null,null,807300000,60300000,190000000
CSGP,0001057352,2024,Q3,10-Q,2024-10-23,2023-03-31,2023-01-01,0001057352-24-000125,null,87100000,0.69,0.68,213000000,1459700000,null,null,8919700000,1581100000,6870100000,null,341000000,61800000,1000000000,null,null,1246700000,90300000,190000000
CSGP,0001057352,2025,Q1,10-Q,2025-05-01,2024-03-31,2024-01-01,0001057352-25-000067,null,6700000,0.02,0.02,-42800000,515200000,null,null,9256800000,1703300000,7338600000,4681000000,139600000,376700000,1000000000,null,null,558000000,4800000,187900000
CSGP,0001057352,2025,Q2,10-Q,2025-07-23,2024-03-31,2024-01-01,0001057352-25-000097,null,6700000,0.06,0.06,-58900000,1057200000,null,null,9256800000,1703300000,7338600000,4681000000,197700000,449500000,1000000000,null,null,1116100000,21500000,187900000
CSGP,0001057352,2025,Q3,10-Q,2025-10-29,2024-09-30,2024-01-01,0001057352-25-000120,null,78900000,0.19,0.19,-35300000,1609200000,null,null,9256800000,1703300000,7553500000,4681000000,298000000,509600000,1000000000,null,null,1644500000,46200000,187900000
