ticker,cik,fy,fp,form,filed,end,start,accn,Revenues,NetIncomeLoss,EarningsPerShareBasic,EarningsPerShareDiluted,OperatingIncomeLoss,GrossProfit,ResearchAndDevelopmentExpense,SellingGeneralAndAdministrativeExpense,Assets,Liabilities,StockholdersEquity,CashAndCashEquivalentsAtCarryingValue,NetCashProvidedByUsedInOperatingActivities,PaymentsToAcquirePropertyPlantAndEquipment,LongTermDebt,ShortTermInvestments,CostOfRevenue,OperatingExpenses,IncomeTaxExpenseBenefit,AccountsReceivableNetCurrent
DXCM,0001093557,2016,FY,10-K,2017-02-28,2015-03-31,2015-01-01,0001093557-17-000048,72800000,-22400000,null,null,-21500000,176300000,69400000,128400000,292000000,70800000,null,43200000,23600000,16200000,null,null,82900000,197800000,100000,74100000
DXCM,0001093557,2016,Q1,10-Q,2016-04-27,2015-03-31,2015-01-01,0001093557-16-000511,null,-12900000,null,null,-12700000,46500000,19800000,39400000,292000000,70800000,null,71800000,3400000,8000000,null,null,null,59200000,null,74100000
DXCM,0001093557,2016,Q2,10-Q,2016-08-02,2015-06-30,2015-01-01,0001093557-16-000624,166000000,-16600000,null,null,-16300000,112500000,44200000,84600000,292000000,70800000,null,71800000,19800000,14300000,null,null,null,128800000,0,74100000
DXCM,0001093557,2016,Q3,10-Q,2016-11-01,2015-09-30,2015-01-01,0001093557-16-000746,271200000,-59100000,null,null,-58700000,187200000,109000000,136900000,292000000,70800000,null,71800000,37700000,21700000,null,null,null,245900000,0,74100000
DXCM,0001093557,2017,FY,10-K,2018-02-27,2016-03-31,2016-01-01,0001093557-18-000018,116200000,-57600000,null,null,-57100000,278400000,137500000,198000000,402800000,119000000,null,71800000,49000000,33300000,null,null,null,335500000,100000,101700000
DXCM,0001093557,2017,Q1,10-Q,2017-05-02,2016-03-31,2016-01-01,0001093557-17-000119,116200000,-19200000,null,null,-19200000,75100000,32200000,62100000,402800000,119000000,null,86100000,-200000,11500000,null,null,null,94300000,0,101700000
DXCM,0001093557,2017,Q2,10-Q,2017-08-01,2016-06-30,2016-01-01,0001093557-17-000171,253500000,-39400000,null,null,-39300000,160600000,68500000,131400000,402800000,119000000,null,86100000,19900000,22000000,null,null,null,199900000,100000,101700000
DXCM,0001093557,2017,Q3,10-Q,2017-11-01,2016-09-30,2016-01-01,0001093557-17-000221,402100000,-58200000,null,null,-57800000,261700000,112400000,207100000,402800000,119000000,null,86100000,42900000,38100000,null,null,null,319500000,300000,101700000
DXCM,0001093557,2018,FY,10-K,2019-02-21,2016-12-31,2016-01-01,0001093557-19-000041,null,-65600000,-0.49,-0.49,-63900000,378400000,156100000,286200000,904100000,484700000,null,94500000,56200000,55700000,null,null,null,442300000,700000,134300000
DXCM,0001093557,2018,Q1,10-Q,2018-05-02,2017-03-31,2017-01-01,0001093557-18-000084,142300000,-41700000,null,null,-40400000,94100000,48100000,86400000,904100000,484700000,null,153500000,300000,22900000,null,null,null,134500000,1400000,134300000
DXCM,0001093557,2018,Q2,10-Q,2018-08-01,2017-06-30,2017-01-01,0001093557-18-000159,312900000,-38800000,-0.45,-0.45,-54000000,211600000,93400000,172200000,904100000,484700000,null,395900000,14600000,34900000,null,null,null,265600000,-15900000,134300000
DXCM,0001093557,2018,Q3,10-Q,2018-11-06,2017-09-30,2017-01-01,0001093557-18-000230,497500000,-40800000,-0.47,-0.47,-54500000,338600000,136700000,256400000,904100000,484700000,null,441500000,50800000,48400000,null,null,null,393100000,-16400000,134300000
DXCM,0001093557,2019,FY,10-K,2020-02-13,2017-12-31,2017-01-01,0001093557-20-000029,null,-50200000,-0.58,-0.58,-42500000,492100000,185400000,349200000,1916000000,1252700000,null,441500000,92000000,66000000,null,null,null,534600000,1600000,226700000
DXCM,0001093557,2019,Q1,10-Q,2019-05-01,2018-03-31,2018-01-01,0001093557-19-000119,null,-24200000,null,null,-30700000,118900000,44800000,104800000,1916000000,1252700000,null,420400000,-8700000,15300000,null,null,null,149600000,200000,226700000
DXCM,0001093557,2019,Q2,10-Q,2019-07-31,2018-06-30,2018-01-01,0001093557-19-000181,null,6000000,0.07,0.07,-35600000,272500000,92000000,216100000,1916000000,1252700000,null,300200000,32700000,25600000,null,null,null,308100000,-400000,226700000
DXCM,0001093557,2019,Q3,10-Q,2019-11-06,2018-09-30,2018-01-01,0001093557-19-000237,null,52600000,0.6,0.59,-21700000,441100000,142100000,320700000,1916000000,1252700000,null,367400000,89500000,49400000,null,null,null,462800000,-2200000,226700000
DXCM,0001093557,2020,FY,10-K,2021-02-11,2018-12-31,2018-01-01,0001093557-21-000024,null,-127100000,-1.44,-1.44,-186300000,663900000,199700000,432800000,2395000000,1512400000,null,1137000000,123200000,67100000,null,null,null,850200000,600000,286300000
DXCM,0001093557,2020,Q1,10-Q,2020-04-28,2019-03-31,2019-01-01,0001093557-20-000141,null,-26900000,-0.3,-0.3,-14400000,168800000,59000000,124200000,2395000000,1512400000,null,1285100000,11800000,39300000,null,null,null,183200000,300000,286300000
DXCM,0001093557,2020,Q2,10-Q,2020-07-28,2019-06-30,2019-01-01,0001093557-20-000217,null,-37400000,-0.41,-0.41,-15200000,375300000,128000000,262500000,2395000000,1512400000,null,709200000,76300000,86200000,null,null,null,390500000,1500000,286300000
DXCM,0001093557,2020,Q3,10-Q,2020-10-27,2019-09-30,2019-01-01,0001093557-20-000294,null,8400000,0.09,0.09,40800000,622200000,194700000,386700000,2395000000,1512400000,null,395600000,170800000,135900000,null,null,null,581400000,1500000,286300000
DXCM,0001093557,2021,FY,10-K,2022-02-14,2019-12-31,2019-01-01,0001093557-22-000014,null,101100000,1.11,1.1,142300000,931500000,273500000,515700000,4290500000,2464000000,663300000,446200000,314500000,180000000,null,null,null,789200000,3100000,428500000
DXCM,0001093557,2021,Q1,10-Q,2021-04-29,2020-03-31,2020-01-01,0001093557-21-000126,null,19900000,0.22,0.21,33600000,256500000,73100000,149800000,4290500000,2464000000,null,584600000,1900000,33200000,null,null,null,222900000,2500000,428500000
DXCM,0001093557,2021,Q2,10-Q,2021-07-29,2020-06-30,2020-01-01,0001093557-21-000191,null,66200000,0.71,0.69,101400000,540600000,153000000,286200000,4290500000,2464000000,null,530000000,156000000,91400000,null,null,null,439200000,2400000,428500000
DXCM,0001093557,2021,Q3,10-Q,2021-10-28,2020-09-30,2020-01-01,0001093557-21-000248,null,138400000,1.48,1.43,195500000,881000000,240700000,444800000,4290500000,2464000000,null,673500000,303600000,138800000,null,null,null,685500000,5300000,428500000
DXCM,0001093557,2022,FY,10-K,2023-02-09,2020-12-31,2020-01-01,0001093557-23-000024,null,549700000,1.46,1.33,299500000,1280100000,359900000,618200000,4933300000,2891200000,882600000,817600000,475600000,199000000,null,null,null,980600000,-251800000,514300000
DXCM,0001093557,2022,Q1,10-Q,2022-04-28,2021-03-31,2021-01-01,0001093557-22-000098,null,56500000,0.59,0.56,45900000,343900000,109400000,188600000,4933300000,2891200000,1551900000,733800000,27800000,99700000,null,null,null,298000000,-15200000,514300000
DXCM,0001093557,2022,Q2,10-Q,2022-07-28,2021-06-30,2021-01-01,0001093557-22-000146,null,134900000,0.35,0.33,146900000,761000000,238500000,374600000,4933300000,2891200000,1551900000,1158800000,89400000,200900000,null,null,null,614100000,3500000,514300000
DXCM,0001093557,2022,Q3,10-Q,2022-10-27,2021-09-30,2021-01-01,0001093557-22-000171,null,222200000,0.57,0.54,265200000,1207900000,367300000,573100000,4933300000,2891200000,1551900000,1444300000,336700000,309000000,null,null,null,942700000,28200000,514300000
DXCM,0001093557,2023,FY,10-K,2024-02-08,2021-12-31,2021-01-01,0001093557-24-000021,null,216900000,0.56,0.53,265800000,1680500000,517100000,810500000,5391700000,3259900000,1551900000,1052600000,442500000,389200000,null,null,null,1414700000,39900000,713300000
DXCM,0001093557,2023,Q1,10-Q,2023-04-27,2022-03-31,2022-01-01,0001093557-23-000118,null,97300000,0.25,0.23,41300000,398100000,135900000,218900000,5391700000,3259900000,2042100000,716000000,71000000,101600000,null,null,null,356800000,-61200000,713300000
DXCM,0001093557,2023,Q2,10-Q,2023-07-27,2022-06-30,2022-01-01,0001093557-23-000174,null,148200000,0.38,0.36,118300000,847600000,257600000,467800000,5391700000,3259900000,2042100000,735400000,243800000,193100000,null,null,null,729300000,-36800000,713300000
DXCM,0001093557,2023,Q3,10-Q,2023-10-26,2022-09-30,2022-01-01,0001093557-23-000220,null,249400000,0.64,0.6,265800000,1341800000,367900000,702400000,5391700000,3259900000,2042100000,698100000,537000000,301300000,null,null,null,1076000000,8200000,713300000
DXCM,0001093557,2024,FY,10-K,2025-02-18,2022-12-31,2022-01-01,0001093557-25-000036,null,341200000,0.88,0.82,391200000,1883100000,484200000,1007700000,6264500000,4195900000,2042100000,642300000,669500000,364800000,null,null,null,1491900000,49600000,973900000
DXCM,0001093557,2024,Q1,10-Q,2024-04-25,2023-03-31,2023-01-01,0001093557-24-000079,null,48600000,0.13,0.12,47200000,462600000,119000000,296400000,6264500000,4195900000,2131800000,623200000,155400000,74700000,null,null,null,415400000,15900000,973900000
DXCM,0001093557,2024,Q2,10-Q,2024-07-25,2023-06-30,2023-01-01,0001093557-24-000144,null,164500000,0.43,0.4,175300000,1009000000,238300000,595400000,6264500000,4195900000,2131800000,1194900000,345700000,133700000,null,null,null,833700000,59300000,973900000
DXCM,0001093557,2024,Q3,10-Q,2024-10-24,2023-09-30,2023-01-01,0001093557-24-000180,null,285200000,0.74,0.69,380800000,1632300000,369700000,881800000,6264500000,4195900000,2131800000,643700000,614900000,184100000,null,null,null,1251500000,179000000,973900000
DXCM,0001093557,2025,Q1,10-Q,2025-05-01,2024-03-31,2024-01-01,0001093557-25-000113,null,146400000,0.38,0.36,101100000,561900000,141500000,319300000,6484500000,4381900000,2068600000,851200000,209200000,56900000,null,null,null,460800000,-13900000,1005700000
DXCM,0001093557,2025,Q2,10-Q,2025-07-30,2024-06-30,2024-01-01,0001093557-25-000243,null,289900000,0.73,0.71,259100000,1188600000,277500000,652000000,6484500000,4381900000,2068600000,939200000,488600000,123000000,null,null,null,929500000,30400000,1005700000
DXCM,0001093557,2025,Q3,10-Q,2025-10-30,2024-09-30,2024-01-01,0001093557-25-000280,null,424500000,1.08,1.04,411100000,1782400000,412900000,958400000,6484500000,4381900000,2068600000,621200000,688100000,234200000,null,null,null,1371300000,73200000,1005700000
