ticker,cik,fy,fp,form,filed,end,start,accn,Revenues,NetIncomeLoss,EarningsPerShareBasic,EarningsPerShareDiluted,OperatingIncomeLoss,GrossProfit,ResearchAndDevelopmentExpense,SellingGeneralAndAdministrativeExpense,Assets,Liabilities,StockholdersEquity,CashAndCashEquivalentsAtCarryingValue,NetCashProvidedByUsedInOperatingActivities,PaymentsToAcquirePropertyPlantAndEquipment,LongTermDebt,ShortTermInvestments,CostOfRevenue,OperatingExpenses,IncomeTaxExpenseBenefit,AccountsReceivableNetCurrent
FAST,0000815556,2016,FY,10-K,2017-02-06,2014-12-31,2014-01-01,0000815556-17-000009,null,494150000,1.67,1.66,787590000,1897402000,null,1110776000,2532462000,null,1772697000,58506000,499392000,189474000,365000000,null,null,null,293284000,468375000
FAST,0000815556,2016,Q1,10-Q,2016-04-15,2015-03-31,2015-01-01,0000815556-16-000097,null,127606000,0.43,0.43,203771000,484050000,null,280387000,2532462000,null,1801289000,114496000,180105000,43922000,365000000,null,null,null,75906000,468375000
FAST,0000815556,2016,Q2,10-Q,2016-07-15,2015-06-30,2015-01-01,0000815556-16-000113,null,267963000,0.91,0.91,429604000,986137000,null,557031000,2532462000,null,1801289000,114496000,261154000,88020000,365000000,null,null,null,160648000,468375000
FAST,0000815556,2016,Q3,10-Q,2016-10-14,2015-09-30,2015-01-01,0000815556-16-000122,null,404457000,1.38,1.38,649612000,1488362000,null,839409000,2532462000,null,1801289000,114496000,401985000,119462000,365000000,null,null,null,243358000,468375000
FAST,0000815556,2017,FY,10-K,2018-02-05,2015-12-31,2015-01-01,0000815556-18-000010,null,516400000,1.77,1.77,828800000,1948900000,null,1121500000,2668900000,null,1915300000,114400000,550300000,155200000,390000000,null,null,null,309700000,499700000
FAST,0000815556,2017,Q1,10-Q,2017-04-17,2016-03-31,2016-01-01,0000815556-17-000021,null,126200000,0.44,0.44,201200000,491500000,null,290200000,2668900000,null,1933100000,129000000,166500000,29700000,390000000,null,null,null,73700000,499700000
FAST,0000815556,2017,Q2,10-Q,2017-07-17,2016-06-30,2016-01-01,0000815556-17-000039,null,257700000,0.89,0.89,410400000,993100000,null,582800000,2668900000,null,1933100000,129000000,253500000,88700000,390000000,null,null,null,150000000,499700000
FAST,0000815556,2017,Q3,10-Q,2017-10-16,2016-09-30,2016-01-01,0000815556-17-000045,null,384600000,1.33,1.33,613300000,1492900000,null,879900000,2668900000,null,1933100000,129000000,386900000,162000000,390000000,null,null,null,224300000,499700000
FAST,0000815556,2018,FY,10-K,2019-02-06,2016-12-31,2016-01-01,0000815556-19-000015,null,499400000,1.73,1.73,795800000,1964800000,null,1169500000,2910500000,null,1801400000,129000000,519900000,189500000,415000000,null,null,null,290300000,607800000
FAST,0000815556,2018,Q1,10-Q,2018-04-16,2017-03-31,2017-01-01,0000815556-18-000019,null,134200000,0.46,0.46,212500000,518000000,null,305900000,2910500000,null,2096900000,112700000,210400000,21200000,415000000,null,null,null,76700000,607800000
FAST,0000815556,2018,Q2,10-Q,2018-07-16,2017-06-30,2017-01-01,0000815556-18-000043,null,283100000,0.98,0.98,450000000,1076500000,null,627500000,2910500000,null,2096900000,112700000,293300000,57400000,415000000,null,null,null,163200000,607800000
FAST,0000815556,2018,Q3,10-Q,2018-10-16,2017-09-30,2017-01-01,0000815556-18-000050,null,426200000,1.48,1.48,678500000,1632400000,null,955000000,2910500000,null,2096900000,112700000,455900000,82700000,415000000,null,null,null,246100000,607800000
FAST,0000815556,2019,FY,10-K,2020-02-06,2017-12-31,2017-01-01,0000815556-20-000011,null,578600000,1,1,881800000,2163600000,null,1282800000,3321500000,null,2096900000,112700000,585200000,119900000,500000000,null,null,null,294500000,714300000
FAST,0000815556,2019,Q1,10-Q,2019-04-16,2018-03-31,2018-01-01,0000815556-19-000027,null,174300000,0.61,0.61,234500000,577600000,null,342700000,3321500000,null,2172000000,116900000,159700000,31500000,500000000,null,null,null,57600000,714300000
FAST,0000815556,2019,Q2,10-Q,2019-07-16,2018-06-30,2018-01-01,0000815556-19-000048,null,385500000,0.67,0.67,503500000,1195300000,null,692000000,3321500000,null,2226600000,116900000,311600000,60600000,500000000,null,null,null,112300000,714300000
FAST,0000815556,2019,Q3,10-Q,2019-10-16,2018-09-30,2018-01-01,0000815556-19-000058,null,583100000,1.02,1.01,765800000,1811100000,null,1045800000,3321500000,null,2315600000,116900000,496200000,97100000,500000000,null,null,null,174100000,714300000
FAST,0000815556,2020,FY,10-K,2021-02-08,2018-12-31,2018-01-01,0000815556-21-000008,null,751900000,1.31,1.31,999200000,2398900000,null,1400200000,3799900000,null,2302700000,116900000,674200000,176300000,345000000,null,null,null,235100000,741800000
FAST,0000815556,2020,Q1,10-Q,2020-04-17,2019-03-31,2019-01-01,0000815556-20-000031,null,194100000,0.34,0.34,261400000,624700000,null,363600000,3799900000,null,2397200000,167200000,204900000,54400000,345000000,null,null,null,63400000,741800000
FAST,0000815556,2020,Q2,10-Q,2020-07-17,2019-06-30,2019-01-01,0000815556-20-000056,null,398700000,0.7,0.69,536400000,1265900000,null,730300000,3799900000,null,2503700000,167200000,333000000,123100000,345000000,null,null,null,130200000,741800000
FAST,0000815556,2020,Q3,10-Q,2020-10-16,2019-09-30,2019-01-01,0000815556-20-000067,null,612200000,1.07,1.07,818300000,1917000000,null,1099500000,3799900000,null,2585700000,167200000,590300000,184300000,345000000,null,null,null,195100000,741800000
FAST,0000815556,2021,FY,10-K,2022-02-07,2019-12-31,2019-01-01,0000815556-22-000009,null,790900000,1.38,1.38,1057200000,2515400000,null,1458200000,3964700000,null,2665600000,167200000,842700000,246400000,405000000,null,null,null,252800000,769400000
FAST,0000815556,2021,Q1,10-Q,2021-04-16,2020-03-31,2020-01-01,0000815556-21-000018,null,202600000,0.35,0.35,271300000,636800000,null,365500000,3964700000,null,2656600000,174900000,241100000,48800000,405000000,null,null,null,66600000,769400000
FAST,0000815556,2021,Q2,10-Q,2021-07-16,2020-06-30,2020-01-01,0000815556-21-000031,null,441500000,0.77,0.77,587300000,1308400000,null,721100000,3964700000,null,2783000000,174900000,491800000,90000000,405000000,null,null,null,141400000,769400000
FAST,0000815556,2021,Q3,10-Q,2021-10-15,2020-09-30,2020-01-01,0000815556-21-000040,null,663000000,1.16,1.15,877400000,1949000000,null,1071600000,3964700000,null,2885600000,174900000,780800000,123500000,405000000,null,null,null,207500000,769400000
FAST,0000815556,2022,FY,10-K,2023-02-07,2020-12-31,2020-01-01,0000815556-23-000009,null,859100000,1.5,1.49,1141800000,2567800000,null,1426000000,4299000000,null,2733200000,236200000,1101800000,168100000,390000000,null,null,null,273600000,900200000
FAST,0000815556,2022,Q1,10-Q,2022-04-18,2021-03-31,2021-01-01,0000815556-22-000020,null,210600000,0.37,0.37,280300000,643400000,null,363100000,4299000000,null,2786700000,236200000,274800000,32700000,390000000,null,null,null,67300000,900200000
FAST,0000815556,2022,Q2,10-Q,2022-07-18,2021-06-30,2021-01-01,0000815556-22-000034,null,450300000,0.78,0.78,598100000,1344100000,null,746000000,4299000000,null,2880800000,236200000,446300000,67300000,390000000,null,null,null,142800000,900200000
FAST,0000815556,2022,Q3,10-Q,2022-10-18,2021-09-30,2021-01-01,0000815556-22-000041,null,693800000,1.21,1.2,916500000,2064300000,null,1147800000,4299000000,null,2964700000,236200000,613700000,114700000,390000000,null,null,null,215500000,900200000
FAST,0000815556,2023,FY,10-K,2024-02-06,2021-12-31,2021-01-01,0000815556-24-000009,null,925000000,1.61,1.6,1217400000,2777200000,null,1559800000,4548600000,null,3042200000,230100000,770100000,156600000,555000000,null,null,null,282800000,1013200000
FAST,0000815556,2023,Q1,10-Q,2023-04-18,2022-03-31,2022-01-01,0000815556-23-000021,null,269600000,0.47,0.47,358000000,793300000,null,435300000,4548600000,null,3142000000,230100000,230000000,35500000,555000000,null,null,null,86100000,1013200000
FAST,0000815556,2023,Q2,10-Q,2023-07-18,2022-06-30,2022-01-01,0000815556-23-000041,null,556700000,0.97,0.96,741400000,1620900000,null,879500000,4548600000,null,3178700000,230100000,381200000,83000000,555000000,null,null,null,179800000,1013200000
FAST,0000815556,2023,Q3,10-Q,2023-10-17,2022-09-30,2022-01-01,0000815556-23-000049,null,841300000,1.46,1.46,1120700000,2447400000,null,1326700000,4548600000,null,3161200000,230100000,639100000,131000000,555000000,null,null,null,270500000,1013200000
FAST,0000815556,2024,FY,10-K,2025-02-06,2022-12-31,2022-01-01,0000815556-25-000065,null,1086900000,1.89,1.89,1453600000,3215800000,null,1762200000,4462900000,null,3163200000,221300000,941000000,173800000,260000000,null,null,null,353100000,1087600000
FAST,0000815556,2024,Q1,10-Q,2024-04-16,2023-03-31,2023-01-01,0000815556-24-000019,null,295100000,0.52,0.52,393200000,850000000,null,456800000,4462900000,null,3270600000,221300000,388500000,33700000,260000000,null,null,null,94600000,1087600000
FAST,0000815556,2024,Q2,10-Q,2024-07-17,2023-06-30,2023-01-01,0000815556-24-000031,null,593100000,1.04,1.04,788100000,1707500000,null,919400000,4462900000,null,3380800000,221300000,690600000,89600000,260000000,null,null,null,189200000,1087600000
FAST,0000815556,2024,Q3,10-Q,2024-10-16,2023-09-30,2023-01-01,0000815556-24-000037,null,888600000,1.56,1.55,1174900000,2555100000,null,1380200000,4462900000,null,3466600000,221300000,1078700000,136500000,260000000,null,null,null,279200000,1087600000
FAST,0000815556,2025,Q1,10-Q,2025-04-16,2024-03-31,2024-01-01,0000815556-25-000083,null,297700000,0.52,0.52,390200000,861600000,null,471400000,4698000000,null,3429200000,255800000,335600000,50800000,200000000,null,null,null,92100000,1108600000
FAST,0000815556,2025,Q2,10-Q,2025-07-17,2024-06-30,2024-01-01,0000815556-25-000106,null,590400000,0.52,0.51,777100000,1725100000,null,948000000,4698000000,null,3495600000,255800000,593600000,106900000,200000000,null,null,null,185800000,1108600000
FAST,0000815556,2025,Q3,10-Q,2025-10-16,2024-09-30,2024-01-01,0000815556-25-000119,null,888500000,0.78,0.77,1165200000,2583700000,null,1418500000,4698000000,null,3597400000,255800000,890500000,166300000,200000000,null,null,null,275300000,1108600000
