ticker,cik,fy,fp,form,filed,end,start,accn,Revenues,NetIncomeLoss,EarningsPerShareBasic,EarningsPerShareDiluted,OperatingIncomeLoss,GrossProfit,ResearchAndDevelopmentExpense,SellingGeneralAndAdministrativeExpense,Assets,Liabilities,StockholdersEquity,CashAndCashEquivalentsAtCarryingValue,NetCashProvidedByUsedInOperatingActivities,PaymentsToAcquirePropertyPlantAndEquipment,LongTermDebt,ShortTermInvestments,CostOfRevenue,OperatingExpenses,IncomeTaxExpenseBenefit,AccountsReceivableNetCurrent
FTNT,0001262039,2016,FY,10-K,2017-03-01,2014-12-31,2014-01-01,0001262039-17-000008,null,25343000,0.15,0.15,59324000,539355000,122880000,null,1790510000,1035133000,585760000,115873000,196582000,null,null,348074000,null,480031000,36206000,259563000
FTNT,0001262039,2016,Q1,10-Q,2016-05-06,2015-03-31,2015-01-01,0001262039-16-000064,null,1560000,0.01,0.01,898000,149284000,35816000,null,1790510000,1035133000,755377000,283254000,64619000,null,null,348074000,null,148386000,83000,259563000
FTNT,0001262039,2016,Q2,10-Q,2016-08-05,2015-06-30,2015-01-01,0001262039-16-000079,null,2352000,0.01,0.01,3850000,319571000,73205000,null,1790510000,1035133000,755377000,283254000,148924000,null,null,348074000,null,315721000,2777000,259563000
FTNT,0001262039,2016,Q3,10-Q,2016-11-08,2015-09-30,2015-01-01,0001262039-16-000087,null,10521000,0.06,0.06,2010000,507938000,115315000,null,1790510000,1035133000,755377000,283254000,213989000,null,null,348074000,null,505928000,-6552000,259563000
FTNT,0001262039,2017,FY,10-K,2018-02-26,2015-12-31,2015-01-01,0001262039-18-000009,null,7987000,0.05,0.05,14877000,722491000,158129000,null,2139941000,1302260000,675966000,283254000,282547000,null,null,376522000,null,707614000,9018000,312998000
FTNT,0001262039,2017,Q1,10-Q,2017-05-03,2016-03-31,2016-01-01,0001262039-17-000017,null,2118000,0.01,0.01,-3692000,206932000,44754000,null,2139941000,1302260000,837681000,543277000,100591000,null,null,376522000,null,210624000,-5376000,312998000
FTNT,0001262039,2017,Q2,10-Q,2017-08-02,2016-06-30,2016-01-01,0001262039-17-000027,null,730000,0,0,-7737000,433820000,90256000,null,2139941000,1302260000,837681000,543277000,168532000,null,null,376522000,null,441557000,-7678000,312998000
FTNT,0001262039,2017,Q3,10-Q,2017-11-02,2016-09-30,2016-01-01,0001262039-17-000034,null,7021000,0.04,0.04,-2249000,665667000,137495000,null,2139941000,1302260000,837681000,543277000,244671000,null,null,376522000,null,667916000,-7380000,312998000
FTNT,0001262039,2018,FY,10-K,2019-02-27,2016-12-31,2016-01-01,0001262039-19-000006,null,32200000,0.19,0.18,42900000,937600000,183100000,null,2257900000,1668500000,755400000,543300000,345700000,null,null,440300000,null,894700000,10900000,348200000
FTNT,0001262039,2018,Q1,10-Q,2018-05-08,2017-03-31,2017-01-01,0001262039-18-000019,null,10700000,0.06,0.06,5400000,250000000,51200000,null,2257900000,1668500000,589400000,709000000,129700000,null,null,440300000,null,244600000,-2600000,348200000
FTNT,0001262039,2018,Q2,10-Q,2018-08-07,2017-06-30,2017-01-01,0001262039-18-000029,null,33700000,0.19,0.19,33900000,517800000,102400000,null,2257900000,1668500000,589400000,709000000,274500000,null,null,440300000,null,483900000,7300000,348200000
FTNT,0001262039,2018,Q3,10-Q,2018-11-07,2017-09-30,2017-01-01,0001262039-18-000040,null,60400000,0.34,0.34,67600000,798400000,155900000,null,2257900000,1668500000,589400000,709000000,436900000,null,null,440300000,null,730800000,18600000,348200000
FTNT,0001262039,2019,FY,10-K,2020-02-26,2017-12-31,2017-01-01,0001262039-20-000011,null,31400000,0.18,0.18,109800000,1109600000,210600000,null,3078000000,2067800000,837700000,709000000,594400000,null,null,537200000,null,999800000,92600000,444500000
FTNT,0001262039,2019,Q1,10-Q,2019-05-08,2018-03-31,2018-01-01,0001262039-19-000014,null,41600000,0.25,0.24,32400000,301800000,59100000,null,3078000000,2067800000,589400000,811000000,139700000,11600000,null,537200000,null,269400000,-4900000,444500000
FTNT,0001262039,2019,Q2,10-Q,2019-08-01,2018-06-30,2018-01-01,0001262039-19-000023,null,90900000,0.54,0.53,83100000,630000000,120300000,null,3078000000,2067800000,589400000,811000000,282000000,23200000,null,537200000,null,546900000,-2700000,444500000
FTNT,0001262039,2019,Q3,10-Q,2019-10-31,2018-09-30,2018-01-01,0001262039-19-000033,null,149600000,0.89,0.86,145900000,972300000,179000000,null,3078000000,2067800000,589400000,811000000,458700000,41400000,null,537200000,null,826400000,9200000,444500000
FTNT,0001262039,2020,FY,10-K,2021-02-19,2018-12-31,2018-01-01,0001262039-21-000008,null,334900000,1.98,1.92,234400000,1354200000,244500000,null,3879200000,2536800000,602000000,1222500000,638900000,null,null,843100000,null,1119800000,-80600000,544300000
FTNT,0001262039,2020,Q1,10-Q,2020-05-07,2019-03-31,2019-01-01,0001262039-20-000032,null,58800000,0.35,0.34,50600000,359600000,68600000,null,3885500000,2563600000,1010200000,1222500000,201300000,10200000,null,843100000,null,309000000,1500000,544300000
FTNT,0001262039,2020,Q2,10-Q,2020-08-06,2019-06-30,2019-01-01,0001262039-20-000053,null,131500000,0.77,0.75,125800000,753000000,136000000,null,3885500000,2563600000,1010200000,1222500000,396400000,27500000,null,843100000,null,627200000,14600000,544300000
FTNT,0001262039,2020,Q3,10-Q,2020-11-06,2019-09-30,2019-01-01,0001262039-20-000067,null,213500000,1.25,1.22,228900000,1179500000,205900000,null,3879200000,2536800000,1025500000,1222500000,617600000,45000000,null,843100000,null,950600000,41100000,544300000
FTNT,0001262039,2021,FY,10-K,2022-02-25,2019-12-31,2019-01-01,0001262039-22-000008,null,331700000,1.94,1.9,351000000,1657100000,277100000,null,4044500000,3188500000,856000000,1061800000,808000000,null,null,null,null,1306100000,54300000,720000000
FTNT,0001262039,2021,Q1,10-Q,2021-05-03,2020-03-31,2020-01-01,0001262039-21-000014,null,104600000,0.61,0.6,116700000,449000000,80300000,null,4044500000,3188500000,1342400000,1061800000,319400000,27600000,987000000,775500000,null,332300000,13300000,720000000
FTNT,0001262039,2021,Q2,10-Q,2021-08-02,2020-06-30,2020-01-01,0001262039-21-000022,null,218400000,1.31,1.29,235500000,931500000,162400000,null,4044500000,3188500000,1342400000,1061800000,566400000,58500000,987500000,775500000,null,696000000,23200000,720000000
FTNT,0001262039,2021,Q3,10-Q,2021-11-08,2020-09-30,2020-01-01,0001262039-21-000030,null,341800000,2.07,2.03,362400000,1443400000,252400000,null,4044500000,3188500000,856000000,1061800000,787200000,93600000,null,null,null,1081000000,28200000,720000000
FTNT,0001262039,2022,FY,10-K,2023-02-24,2020-12-31,2020-01-01,0001262039-23-000010,null,488500000,0.6,0.58,531800000,2024400000,341400000,null,5919100000,5120700000,781700000,1319100000,1083700000,null,null,null,null,1492600000,53200000,807700000
FTNT,0001262039,2022,Q1,10-Q,2022-05-06,2021-03-31,2021-01-01,0001262039-22-000019,null,107200000,0.66,0.64,121600000,553700000,97200000,null,5919100000,5120700000,781700000,1319100000,315900000,52100000,null,null,null,432100000,12200000,807700000
FTNT,0001262039,2022,Q2,10-Q,2022-08-05,2021-06-30,2021-01-01,0001262039-22-000029,null,244700000,0.3,0.29,269100000,1167900000,203800000,null,5919100000,5120700000,781700000,1319100000,734100000,75600000,null,null,null,898800000,19700000,807700000
FTNT,0001262039,2022,Q3,10-Q,2022-11-07,2021-09-30,2021-01-01,0001262039-22-000038,null,407800000,0.5,0.49,435500000,1823900000,311600000,null,5919100000,5120700000,781700000,1319100000,1132900000,144600000,null,null,null,1388400000,10400000,807700000
FTNT,0001262039,2023,FY,10-K,2024-02-26,2021-12-31,2021-01-01,0001262039-24-000014,null,606800000,0.74,0.73,650400000,2559200000,424200000,null,6228000000,6509600000,-281600000,1682900000,1499700000,null,null,null,null,1908800000,14100000,1261700000
FTNT,0001262039,2023,Q1,10-Q,2023-05-08,2022-03-31,2022-01-01,0001262039-23-000021,null,138400000,0.17,0.17,151000000,701000000,124900000,null,6228000000,6509600000,-281600000,1682900000,396100000,122600000,null,null,null,550000000,-8100000,1261700000
FTNT,0001262039,2023,Q2,10-Q,2023-08-07,2022-06-30,2022-01-01,0001262039-23-000032,null,311900000,0.39,0.38,346300000,1480300000,249200000,null,6228000000,6509600000,-281600000,1682900000,719500000,162500000,null,null,null,1134000000,-5700000,1261700000
FTNT,0001262039,2023,Q3,10-Q,2023-11-07,2022-09-30,2022-01-01,0001262039-23-000038,null,543500000,0.68,0.67,611800000,2346800000,383500000,null,6228000000,6509600000,-281600000,1682900000,1202500000,250300000,null,null,null,1735000000,21600000,1261700000
FTNT,0001262039,2024,FY,10-K,2025-02-21,2022-12-31,2022-01-01,0001262039-25-000011,null,857300000,1.08,1.06,969600000,3332500000,512400000,null,6228000000,7722300000,-463400000,1397900000,1730600000,null,null,null,null,2362900000,30800000,1402000000
FTNT,0001262039,2024,Q1,10-Q,2024-05-06,2023-03-31,2023-01-01,0001262039-24-000020,null,247700000,0.32,0.31,273500000,954500000,151100000,null,7258900000,7722300000,-463400000,1397900000,677500000,30300000,null,null,null,681000000,21300000,1402000000
FTNT,0001262039,2024,Q2,10-Q,2024-08-08,2023-06-30,2023-01-01,0001262039-24-000037,null,514000000,0.66,0.65,552500000,1951500000,304400000,null,7258900000,7722300000,-463400000,1397900000,1192600000,107100000,null,null,null,1399000000,48900000,1402000000
FTNT,0001262039,2024,Q3,10-Q,2024-11-08,2023-09-30,2023-01-01,0001262039-24-000043,null,836900000,1.07,1.05,855700000,2968400000,461300000,null,7258900000,7722300000,-463400000,1397900000,1743800000,177200000,null,null,null,2112700000,48600000,1402000000
FTNT,0001262039,2025,Q1,10-Q,2025-05-08,2024-03-31,2024-01-01,0001262039-25-000017,null,299300000,0.39,0.39,321200000,1048600000,173000000,null,7662100000,8269300000,1493800000,2875900000,830400000,221900000,null,null,null,727400000,39500000,1463400000
FTNT,0001262039,2025,Q2,10-Q,2025-08-08,2024-06-30,2024-01-01,0001262039-25-000028,null,679100000,0.89,0.88,758400000,2207900000,338400000,null,8052900000,8269300000,1493800000,2875900000,1172400000,245000000,null,null,null,1449500000,116000000,1463400000
FTNT,0001262039,2025,Q3,10-Q,2025-11-07,2024-09-30,2024-01-01,0001262039-25-000039,null,1219000000,1.6,1.58,1229300000,3452600000,525700000,null,8852000000,8269300000,1493800000,2875900000,1780500000,281300000,null,null,null,2223300000,197200000,1463400000
