ticker,cik,fy,fp,form,filed,end,start,accn,Revenues,NetIncomeLoss,EarningsPerShareBasic,EarningsPerShareDiluted,OperatingIncomeLoss,GrossProfit,ResearchAndDevelopmentExpense,SellingGeneralAndAdministrativeExpense,Assets,Liabilities,StockholdersEquity,CashAndCashEquivalentsAtCarryingValue,NetCashProvidedByUsedInOperatingActivities,PaymentsToAcquirePropertyPlantAndEquipment,LongTermDebt,ShortTermInvestments,CostOfRevenue,OperatingExpenses,IncomeTaxExpenseBenefit,AccountsReceivableNetCurrent
HON,0000773840,2016,FY,10-K,2017-02-10,2014-12-31,2014-01-01,0000930413-17-000391,null,4239000000,5.4,5.33,null,2851000000,1892000000,5518000000,45451000000,null,18283000000,6422000000,null,1094000000,6131000000,null,null,null,1489000000,null
HON,0000773840,2016,Q1,10-Q,2016-04-22,2015-03-31,2015-01-01,0000930413-16-006542,null,1116000000,1.42,1.41,null,null,null,1230000000,49316000000,null,18283000000,6959000000,null,165000000,6131000000,null,null,null,418000000,null
HON,0000773840,2016,Q2,10-Q,2016-07-22,2015-06-30,2015-01-01,0000930413-16-007670,null,2310000000,2.95,2.91,null,null,null,2472000000,49316000000,null,18283000000,6959000000,null,408000000,6131000000,null,null,null,858000000,null
HON,0000773840,2016,Q3,10-Q,2016-10-21,2015-09-30,2015-01-01,0000930413-16-008530,null,3574000000,4.57,4.51,null,null,null,3674000000,49316000000,null,18283000000,6959000000,null,685000000,6131000000,null,null,null,1289000000,null
HON,0000773840,2017,FY,10-K,2018-02-09,2015-12-31,2015-01-01,0000930413-18-000292,null,4768000000,6.11,6.04,null,2975000000,1856000000,5006000000,49316000000,null,19369000000,6959000000,5519000000,1073000000,12409000000,1520000000,null,null,1739000000,8177000000
HON,0000773840,2017,Q1,10-Q,2017-04-21,2016-03-31,2016-01-01,0000930413-17-001646,null,1216000000,1.58,1.56,null,null,null,1280000000,54146000000,null,19369000000,5455000000,null,194000000,12409000000,1520000000,null,null,402000000,8177000000
HON,0000773840,2017,Q2,10-Q,2017-07-21,2016-06-30,2016-01-01,0000930413-17-002534,null,2535000000,3.31,3.26,null,null,null,2609000000,54146000000,null,19369000000,5455000000,null,475000000,12409000000,1520000000,null,null,830000000,8177000000
HON,0000773840,2017,Q3,10-Q,2017-10-20,2016-09-30,2016-01-01,0000930413-17-003588,null,3775000000,4.93,4.86,null,null,null,3976000000,54146000000,null,19369000000,5455000000,3456000000,749000000,12409000000,1520000000,null,null,1214000000,8177000000
HON,0000773840,2018,FY,10-K,2019-02-08,2016-12-31,2016-01-01,0000930413-19-000366,null,4812000000,6.3,6.21,null,2966000000,1864000000,5574000000,54566000000,null,16502000000,5455000000,5498000000,1095000000,13924000000,3758000000,null,null,1603000000,8866000000
HON,0000773840,2018,Q1,10-Q,2018-04-20,2017-03-31,2017-01-01,0000930413-18-001371,null,1326000000,1.74,1.71,null,null,null,1422000000,59387000000,null,17276000000,7843000000,940000000,168000000,13924000000,3758000000,null,null,392000000,8866000000
HON,0000773840,2018,Q2,10-Q,2018-07-20,2017-06-30,2017-01-01,0000930413-18-002303,null,2718000000,3.56,3.51,null,null,null,2878000000,59387000000,null,17276000000,7843000000,2387000000,401000000,13924000000,3758000000,null,null,770000000,8866000000
HON,0000773840,2018,Q3,10-Q,2018-10-19,2017-09-30,2017-01-01,0000930413-18-003111,null,4064000000,5.33,5.26,null,null,null,4403000000,59470000000,null,16502000000,7843000000,3794000000,613000000,13924000000,3758000000,null,null,1188000000,8866000000
HON,0000773840,2019,FY,10-K,2020-02-14,2017-12-31,2017-01-01,0000773840-20-000009,null,1545000000,2.03,2,null,3201000000,1835000000,6087000000,59470000000,null,18180000000,9287000000,5966000000,1031000000,12628000000,1623000000,null,null,5362000000,7508000000
HON,0000773840,2019,Q1,10-Q,2019-04-18,2018-03-31,2018-01-01,0001628280-19-004415,null,1439000000,1.92,1.89,null,null,null,1475000000,57773000000,null,18180000000,7059000000,1136000000,140000000,12628000000,1623000000,null,null,459000000,7508000000
HON,0000773840,2019,Q2,10-Q,2019-07-18,2018-06-30,2018-01-01,0000773840-19-000013,null,2706000000,3.62,3.57,null,null,null,3003000000,57773000000,null,18180000000,9287000000,2997000000,339000000,12628000000,1623000000,null,null,1177000000,7508000000
HON,0000773840,2019,Q3,10-Q,2019-10-17,2018-09-30,2018-01-01,0000773840-19-000026,null,5044000000,6.76,6.67,null,null,null,4527000000,57773000000,null,18180000000,9287000000,4875000000,522000000,12628000000,1623000000,null,null,679000000,7508000000
HON,0000773840,2020,FY,10-K,2021-02-12,2018-12-31,2018-01-01,0000773840-21-000015,null,6765000000,9.1,8.98,null,3005000000,1809000000,6051000000,57773000000,null,18494000000,9067000000,6434000000,828000000,12486000000,1349000000,null,null,659000000,7493000000
HON,0000773840,2020,FY,10-K,2022-02-11,2019-12-31,2019-01-01,0000773840-22-000018,null,6143000000,8.52,8.41,null,null,1556000000,5519000000,58679000000,null,17549000000,14275000000,6897000000,839000000,18787000000,945000000,null,null,1329000000,6827000000
HON,0000773840,2020,Q1,10-Q,2020-05-01,2019-03-31,2019-01-01,0000773840-20-000025,null,1416000000,1.94,1.92,null,null,null,1363000000,58679000000,null,18494000000,9067000000,1134000000,141000000,12486000000,1349000000,null,null,406000000,7493000000
HON,0000773840,2020,Q2,10-Q,2020-07-24,2019-06-30,2019-01-01,0000773840-20-000038,null,2957000000,4.07,4.02,null,null,null,2750000000,58679000000,null,18494000000,9067000000,2812000000,312000000,12486000000,1349000000,null,null,832000000,7493000000
HON,0000773840,2020,Q3,10-Q,2020-10-30,2019-09-30,2019-01-01,0000773840-20-000048,null,4581000000,6.33,6.25,null,null,null,4046000000,58679000000,null,18494000000,9067000000,4283000000,504000000,12486000000,1349000000,null,null,1151000000,7493000000
HON,0000773840,2021,Q1,10-Q,2021-04-23,2020-03-31,2020-01-01,0000773840-21-000032,null,1581000000,2.23,2.21,null,null,null,1238000000,64586000000,null,17549000000,14275000000,939000000,139000000,18787000000,945000000,null,null,329000000,6827000000
HON,0000773840,2021,Q2,10-Q,2021-07-23,2020-06-30,2020-01-01,0000773840-21-000057,null,2662000000,3.77,3.74,null,null,null,2421000000,64586000000,null,17549000000,14275000000,2419000000,366000000,18787000000,945000000,null,null,449000000,6827000000
HON,0000773840,2021,Q2,10-Q,2021-10-22,2020-09-30,2020-01-01,0000773840-21-000065,null,3420000000,4.85,4.81,null,null,null,3524000000,64586000000,null,17549000000,14275000000,3426000000,615000000,18787000000,945000000,null,null,816000000,6827000000
HON,0000773840,2022,FY,10-K,2023-02-10,2020-12-31,2020-01-01,0000773840-23-000013,null,4779000000,6.79,6.72,null,null,1334000000,4772000000,64586000000,null,18569000000,10959000000,6208000000,906000000,16057000000,564000000,null,null,1147000000,6830000000
HON,0000773840,2022,Q1,10-Q,2022-04-29,2021-03-31,2021-01-01,0000773840-22-000037,null,1427000000,2.05,2.03,1775000000,null,null,1236000000,64470000000,null,18569000000,10959000000,978000000,221000000,16057000000,564000000,null,null,413000000,6830000000
HON,0000773840,2022,Q2,10-Q,2022-07-28,2021-06-30,2021-01-01,0000773840-22-000054,null,2857000000,4.11,4.06,3568000000,null,null,2443000000,64470000000,null,18569000000,10959000000,2256000000,406000000,16057000000,564000000,null,null,847000000,6830000000
HON,0000773840,2022,Q3,10-Q,2022-10-27,2021-09-30,2021-01-01,0000773840-22-000071,null,4114000000,5.93,5.86,5361000000,null,null,3595000000,64470000000,null,18569000000,10959000000,3375000000,614000000,16057000000,564000000,null,null,1274000000,6830000000
HON,0000773840,2023,FY,10-K,2024-02-16,2021-12-31,2021-01-01,0000773840-24-000014,null,5542000000,8.01,7.91,null,null,1333000000,4798000000,62275000000,null,16697000000,9627000000,6038000000,895000000,16853000000,483000000,null,null,1625000000,7440000000
HON,0000773840,2023,Q1,10-Q,2023-04-27,2022-03-31,2022-01-01,0000773840-23-000038,null,1134000000,1.66,1.64,1766000000,null,350000000,1431000000,62275000000,null,16697000000,9627000000,36000000,183000000,16853000000,483000000,null,null,371000000,7440000000
HON,0000773840,2023,Q2,10-Q,2023-07-27,2022-06-30,2022-01-01,0000773840-23-000073,null,2395000000,3.51,3.48,3633000000,null,736000000,2737000000,62275000000,null,16697000000,9627000000,825000000,341000000,16853000000,483000000,null,null,812000000,7440000000
HON,0000773840,2023,Q3,10-Q,2023-10-26,2022-09-30,2022-01-01,0000773840-23-000085,null,3947000000,5.81,5.76,5585000000,null,1123000000,3965000000,62275000000,null,16697000000,9627000000,2908000000,525000000,16853000000,483000000,null,null,1244000000,7440000000
HON,0000773840,2024,FY,10-K,2025-02-14,2022-12-31,2022-01-01,0000773840-25-000010,null,4966000000,7.33,7.27,8022000000,null,1478000000,5214000000,61525000000,null,15856000000,7925000000,5274000000,766000000,27265000000,170000000,null,null,1412000000,7530000000
HON,0000773840,2024,Q1,10-Q,2024-04-25,2023-03-31,2023-01-01,0000773840-24-000051,null,1394000000,2.09,2.07,1947000000,null,357000000,1317000000,61525000000,null,15856000000,7925000000,-784000000,193000000,18358000000,170000000,null,null,374000000,7530000000
HON,0000773840,2024,Q2,10-Q,2024-07-25,2023-06-30,2023-01-01,0000773840-24-000082,null,2881000000,4.32,4.29,4128000000,null,732000000,2579000000,61525000000,null,15856000000,7925000000,576000000,426000000,18358000000,170000000,null,null,777000000,7530000000
HON,0000773840,2024,Q3,10-Q,2024-10-24,2023-09-30,2023-01-01,0000773840-24-000099,null,4395000000,6.61,6.56,6298000000,null,1096000000,3831000000,61525000000,null,15856000000,7925000000,2385000000,675000000,18358000000,170000000,null,null,1229000000,7530000000
HON,0000773840,2025,Q1,10-Q,2025-04-29,2024-03-31,2024-01-01,0000773840-25-000037,null,1463000000,2.24,2.23,2094000000,null,360000000,1302000000,75196000000,null,18619000000,10567000000,448000000,233000000,26826000000,386000000,null,null,396000000,7819000000
HON,0000773840,2025,Q2,10-Q,2025-07-24,2024-06-30,2024-01-01,0000773840-25-000064,null,3007000000,4.62,4.59,4293000000,null,742000000,2663000000,75196000000,null,18619000000,10567000000,1819000000,492000000,26826000000,386000000,null,null,810000000,7819000000
HON,0000773840,2025,Q3,10-Q,2025-10-23,2024-09-30,2024-01-01,0000773840-25-000105,null,4420000000,6.79,6.75,6589000000,null,1110000000,4061000000,75196000000,null,18619000000,10567000000,3816000000,771000000,26826000000,386000000,null,null,1219000000,7819000000
