ticker,cik,fy,fp,form,filed,end,start,accn,Revenues,NetIncomeLoss,EarningsPerShareBasic,EarningsPerShareDiluted,OperatingIncomeLoss,GrossProfit,ResearchAndDevelopmentExpense,SellingGeneralAndAdministrativeExpense,Assets,Liabilities,StockholdersEquity,CashAndCashEquivalentsAtCarryingValue,NetCashProvidedByUsedInOperatingActivities,PaymentsToAcquirePropertyPlantAndEquipment,LongTermDebt,ShortTermInvestments,CostOfRevenue,OperatingExpenses,IncomeTaxExpenseBenefit,AccountsReceivableNetCurrent
IDXX,0000874716,2016,FY,10-K,2017-02-17,2014-12-31,2014-01-01,0000874716-17-000004,null,181906000,1.82,1.79,260255000,816116000,98263000,null,1474993000,1558988000,-84125000,279058000,null,60523000,597100000,null,669691000,null,64604000,188318000
IDXX,0000874716,2016,Q1,10-Q,2016-04-29,2015-03-31,2015-01-01,0000874716-16-000026,null,46594000,0.49,0.49,72803000,215544000,25006000,null,1474993000,1558988000,-84125000,322536000,null,23017000,null,null,166933000,null,20346000,188318000
IDXX,0000874716,2016,Q2,10-Q,2016-08-02,2015-06-30,2015-01-01,0000874716-16-000030,null,103506000,1.1,1.09,161106000,448301000,49323000,null,1474993000,1558988000,-84125000,322536000,null,46873000,null,null,347519000,null,45011000,188318000
IDXX,0000874716,2016,Q3,10-Q,2016-11-01,2015-09-30,2015-01-01,0000874716-16-000034,null,147729000,1.59,1.57,233001000,672575000,74185000,null,1474993000,1558988000,-84125000,322536000,null,67517000,null,null,529632000,null,65611000,188318000
IDXX,0000874716,2017,FY,10-K,2018-02-16,2015-12-31,2015-01-01,0000874716-18-000005,null,192078000,2.07,2.05,299912000,890270000,99681000,null,1530704000,1638917000,-108352000,322536000,null,82921000,593700000,null,711622000,null,81006000,204494000
IDXX,0000874716,2017,Q1,10-Q,2017-04-28,2016-03-31,2016-01-01,0000874716-17-000007,null,46019000,0.51,0.51,73793000,227537000,24620000,null,1530704000,1638917000,-108352000,128994000,null,21906000,null,null,190013000,null,20284000,204494000
IDXX,0000874716,2017,Q2,10-Q,2017-08-01,2016-06-30,2016-01-01,0000874716-17-000011,null,113221000,1.26,1.25,177955000,488080000,50032000,null,1530704000,1638917000,-108352000,128994000,null,37868000,null,null,396039000,null,49964000,204494000
IDXX,0000874716,2017,Q3,10-Q,2017-10-31,2016-09-30,2016-01-01,0000874716-17-000016,null,169676000,1.89,1.87,266414000,734810000,75704000,null,1530704000,1638917000,-108352000,128994000,null,49956000,null,null,597617000,null,75036000,204494000
IDXX,0000874716,2018,FY,10-K,2019-02-15,2016-12-31,2016-01-01,0000874716-19-000004,null,222045000,2.47,2.44,350239000,975436000,101122000,null,1713416000,1767258000,-54106000,128994000,400084000,64787000,606600000,null,799987000,750207000,99792000,234597000
IDXX,0000874716,2018,Q1,10-Q,2018-05-04,2017-03-31,2017-01-01,0000874716-18-000008,null,69019000,0.78,0.77,92243000,258191000,25790000,null,1713416000,1767258000,-54106000,187675000,31274000,23647000,null,null,203830000,null,15679000,234597000
IDXX,0000874716,2018,Q2,10-Q,2018-08-01,2017-06-30,2017-01-01,0000874716-18-000012,null,154376000,1.75,1.72,214807000,550906000,52788000,null,1713416000,1767258000,-54106000,187675000,141466000,38566000,null,null,420055000,null,44857000,234597000
IDXX,0000874716,2018,Q3,10-Q,2018-11-01,2017-09-30,2017-01-01,0000874716-18-000015,null,224887000,2.56,2.51,315220000,824908000,80373000,null,1713416000,1767258000,-54106000,187675000,252150000,54370000,null,null,638029000,565193000,66392000,234597000
IDXX,0000874716,2019,FY,10-K,2020-02-14,2017-12-31,2017-01-01,0000874716-20-000006,null,263144000,3,2.94,413028000,1097382000,109182000,null,1537349000,1546582000,-9513000,123794000,373276000,74384000,601800000,null,871676000,null,117788000,248855000
IDXX,0000874716,2019,Q1,10-Q,2019-05-01,2018-03-31,2018-01-01,0000874716-19-000017,null,89451000,1.02,1.01,113044000,303099000,29023000,null,1537349000,1546582000,-9513000,123794000,34898000,23726000,null,null,234557000,null,14873000,248855000
IDXX,0000874716,2019,Q2,10-Q,2019-08-01,2018-06-30,2018-01-01,0000874716-19-000033,null,198142000,2.27,2.23,258638000,635538000,58533000,null,1537349000,1546582000,-9513000,123794000,153728000,51377000,null,null,482870000,null,43502000,248855000
IDXX,0000874716,2019,Q3,10-Q,2019-10-31,2018-09-30,2018-01-01,0000874716-19-000036,null,291393000,3.35,3.29,375988000,941181000,87725000,null,1537349000,1546582000,-9513000,123794000,264436000,82642000,null,null,722675000,null,59327000,248855000
IDXX,0000874716,2020,FY,10-K,2021-02-12,2018-12-31,2018-01-01,0000874716-21-000008,null,377031000,4.34,4.26,491335000,1241542000,117863000,null,1832475000,1654650000,177473000,90326000,400084000,115751000,699400000,null,971700000,null,80695000,269312000
IDXX,0000874716,2020,Q1,10-Q,2020-04-30,2019-03-31,2019-01-01,0000874716-20-000018,null,102681000,1.19,1.17,133138000,331597000,31514000,null,1832475000,1654650000,177473000,90326000,34378000,38206000,null,null,244459000,null,22083000,269312000
IDXX,0000874716,2020,Q2,10-Q,2020-07-31,2019-06-30,2019-01-01,0000874716-20-000031,null,228387000,2.65,2.61,297413000,689450000,63773000,null,1832475000,1654650000,177473000,90326000,171480000,71987000,null,null,506709000,null,52504000,269312000
IDXX,0000874716,2020,Q3,10-Q,2020-10-29,2019-09-30,2019-01-01,0000874716-20-000041,null,337224000,3.91,3.85,437215000,1034400000,98033000,null,1832475000,1654650000,177473000,90326000,303745000,109058000,null,null,767062000,null,76464000,269312000
IDXX,0000874716,2021,FY,10-K,2022-02-16,2019-12-31,2019-01-01,0000874716-22-000007,null,427720000,4.97,4.89,552846000,1365549000,133193000,null,2294561000,1661766000,632088000,383928000,459158000,154969000,909100000,null,1041359000,null,94426000,331429000
IDXX,0000874716,2021,Q1,10-Q,2021-05-04,2020-03-31,2020-01-01,0000874716-21-000031,null,111827000,1.31,1.29,144325000,359590000,33310000,null,2294561000,1661766000,632088000,383928000,27871000,49002000,null,null,266746000,null,24917000,331429000
IDXX,0000874716,2021,Q2,10-Q,2021-07-30,2020-06-30,2020-01-01,0000874716-21-000050,null,260767000,3.06,3.01,337573000,738932000,64955000,null,2294561000,1661766000,632088000,383928000,236013000,73558000,null,null,524996000,null,59743000,331429000
IDXX,0000874716,2021,Q3,10-Q,2021-11-02,2020-09-30,2020-01-01,0000874716-21-000055,null,406986000,4.77,4.7,509429000,1161538000,102472000,null,2294561000,1661766000,632088000,383928000,429129000,92768000,null,null,824179000,null,77376000,331429000
IDXX,0000874716,2022,FY,10-K,2023-02-16,2020-12-31,2020-01-01,0000874716-23-000006,null,581776000,6.82,6.71,694524000,1571040000,141249000,null,2437203000,1747211000,689992000,144454000,648063000,106958000,769775000,null,1135615000,null,79854000,368348000
IDXX,0000874716,2022,Q1,10-Q,2022-05-04,2021-03-31,2021-01-01,0000874716-22-000020,null,204257000,2.39,2.35,247622000,470782000,37579000,null,2437203000,1747211000,689992000,144454000,124422000,20163000,null,null,306925000,null,35801000,368348000
IDXX,0000874716,2022,Q2,10-Q,2022-08-02,2021-06-30,2021-01-01,0000874716-22-000033,null,406839000,4.76,4.69,506875000,960090000,75276000,null,2437203000,1747211000,689992000,144454000,358377000,42744000,null,null,643759000,null,84926000,368348000
IDXX,0000874716,2022,Q3,10-Q,2022-11-01,2021-09-30,2021-01-01,0000874716-22-000038,null,582074000,6.82,6.71,732837000,1433011000,115703000,null,2437203000,1747211000,689992000,144454000,545582000,87761000,null,null,981259000,null,128698000,368348000
IDXX,0000874716,2023,FY,10-K,2024-02-22,2021-12-31,2021-01-01,0000874716-24-000057,null,744845000,8.74,8.6,932028000,1889432000,161009000,null,2746765000,2138028000,608737000,112546000,755546000,119549000,698187000,null,1325928000,null,157810000,400619000
IDXX,0000874716,2023,Q1,10-Q,2023-05-02,2022-03-31,2022-01-01,0000874716-23-000034,null,193965000,2.3,2.27,248344000,498753000,40168000,null,2746765000,2138028000,689992000,112546000,114706000,31838000,null,null,337796000,null,47526000,400619000
IDXX,0000874716,2023,Q2,10-Q,2023-08-01,2022-03-31,2022-01-01,0000874716-23-000100,null,193965000,3.87,3.82,427410000,1012785000,163389000,null,2746765000,2138028000,689992000,112546000,180556000,61924000,null,null,684310000,null,86630000,400619000
IDXX,0000874716,2023,Q3,10-Q,2023-11-01,2022-03-31,2022-01-01,0000874716-23-000128,null,193965000,6.04,5.97,672238000,1519411000,211402000,null,2746765000,2138028000,689992000,112546000,369556000,99609000,null,null,1019345000,null,139875000,400619000
IDXX,0000874716,2024,FY,10-K,2025-02-21,2022-12-31,2022-01-01,0000874716-25-000037,null,679089000,8.12,8.03,898765000,2004338000,254820000,null,3259925000,1775395000,689992000,453932000,542984000,148838000,617803000,null,null,1105573000,180883000,457445000
IDXX,0000874716,2024,Q1,10-Q,2024-05-01,2023-03-31,2023-01-01,0000874716-24-000083,null,214054000,2.58,2.55,280399000,542971000,44667000,null,3259925000,1775395000,608737000,453932000,183912000,39511000,null,null,357224000,null,53634000,457445000
IDXX,0000874716,2024,Q2,10-Q,2024-08-06,2023-03-31,2023-01-01,0000874716-24-000121,null,214054000,5.28,5.22,576543000,1115821000,91172000,null,3259925000,1775395000,608737000,453932000,384226000,66981000,null,null,728004000,null,115327000,457445000
IDXX,0000874716,2024,Q3,10-Q,2024-10-31,2023-03-31,2023-01-01,0000874716-24-000139,null,214054000,7.83,7.75,851826000,1663803000,139139000,null,3259925000,1775395000,608737000,453932000,656659000,101075000,null,null,1095549000,null,170987000,457445000
IDXX,0000874716,2025,Q1,10-Q,2025-05-01,2024-03-31,2024-01-01,0000874716-25-000062,null,235579000,2.84,2.81,298958000,593070000,52635000,null,3293443000,1698130000,1484530000,288266000,198585000,30273000,null,null,371025000,294112000,59900000,473575000
IDXX,0000874716,2025,Q2,10-Q,2025-08-04,2024-03-31,2024-01-01,0000874716-25-000121,null,235579000,5.3,5.24,562759000,1212229000,108085000,null,3293443000,1698130000,1484530000,288266000,446897000,63578000,null,null,null,649470000,115658000,473575000
IDXX,0000874716,2025,Q3,10-Q,2025-11-03,2024-03-31,2024-01-01,0000874716-25-000165,null,235579000,8.12,8.05,866651000,1808267000,162063000,null,3293443000,1698130000,1484530000,288266000,666976000,91667000,null,null,null,941616000,181726000,473575000
