ticker,cik,fy,fp,form,filed,end,start,accn,Revenues,NetIncomeLoss,EarningsPerShareBasic,EarningsPerShareDiluted,OperatingIncomeLoss,GrossProfit,ResearchAndDevelopmentExpense,SellingGeneralAndAdministrativeExpense,Assets,Liabilities,StockholdersEquity,CashAndCashEquivalentsAtCarryingValue,NetCashProvidedByUsedInOperatingActivities,PaymentsToAcquirePropertyPlantAndEquipment,LongTermDebt,ShortTermInvestments,CostOfRevenue,OperatingExpenses,IncomeTaxExpenseBenefit,AccountsReceivableNetCurrent
INTU,0000896878,2016,FY,10-K,2016-09-01,2014-07-31,2013-08-01,0000896878-16-000286,null,907000000,3.18,3.12,1300000000,null,714000000,null,4968000000,2636000000,3531000000,1009000000,1446000000,104000000,500000000,null,null,562000000,447000000,91000000
INTU,0000896878,2016,Q1,10-Q,2015-11-20,2014-10-31,2014-08-01,0000896878-15-000140,null,-84000000,-0.29,-0.29,-109000000,null,189000000,null,4968000000,2636000000,3078000000,849000000,-118000000,55000000,500000000,null,null,null,-35000000,91000000
INTU,0000896878,2016,Q2,10-Q,2016-02-25,2015-01-31,2014-08-01,0000896878-16-000197,null,-150000000,-0.53,-0.53,-198000000,null,377000000,null,4968000000,2636000000,3078000000,849000000,247000000,116000000,500000000,null,null,null,-69000000,91000000
INTU,0000896878,2016,Q3,10-Q,2016-05-24,2015-04-30,2014-08-01,0000896878-16-000225,null,351000000,1.24,1.22,868000000,null,583000000,null,4968000000,2636000000,3078000000,849000000,1722000000,183000000,500000000,null,null,null,335000000,91000000
INTU,0000896878,2017,FY,10-K,2017-09-01,2015-07-31,2014-08-01,0000896878-17-000130,null,365000000,1.3,1.28,738000000,null,798000000,null,4250000000,3089000000,3078000000,849000000,1589000000,142000000,488000000,null,null,576000000,299000000,108000000
INTU,0000896878,2017,Q1,10-Q,2016-11-18,2015-10-31,2015-08-01,0000896878-16-000316,null,-31000000,-0.11,-0.11,-29000000,null,213000000,null,4250000000,3089000000,2332000000,808000000,-188000000,70000000,488000000,null,null,null,-9000000,108000000
INTU,0000896878,2017,Q2,10-Q,2017-02-23,2016-01-31,2015-08-01,0000896878-17-000030,null,-7000000,-0.03,-0.03,13000000,null,418000000,null,4250000000,3089000000,2332000000,808000000,129000000,394000000,488000000,null,null,null,-10000000,108000000
INTU,0000896878,2017,Q3,10-Q,2017-05-23,2016-04-30,2015-08-01,0000896878-17-000048,null,1019000000,3.86,3.81,1298000000,null,646000000,null,4250000000,3089000000,2332000000,808000000,1741000000,449000000,488000000,null,null,null,419000000,108000000
INTU,0000896878,2018,FY,10-K,2018-08-31,2016-07-31,2015-08-01,0000896878-18-000171,4694000000,979000000,3.73,3.69,1242000000,null,881000000,null,4068000000,2714000000,2332000000,808000000,1460000000,416000000,438000000,null,null,656000000,397000000,103000000
INTU,0000896878,2018,Q1,10-Q,2017-11-20,2016-10-31,2016-08-01,0000896878-17-000170,null,-30000000,-0.12,-0.12,-61000000,null,246000000,null,4068000000,2714000000,1161000000,638000000,-205000000,86000000,438000000,null,null,null,-42000000,103000000
INTU,0000896878,2018,Q2,10-Q,2018-02-22,2017-01-31,2016-08-01,0000896878-18-000036,null,-17000000,-0.07,-0.07,-39000000,null,489000000,null,4068000000,2714000000,1161000000,638000000,87000000,132000000,438000000,null,null,null,-45000000,103000000
INTU,0000896878,2018,Q3,10-Q,2018-05-22,2017-04-30,2016-08-01,0000896878-18-000075,null,947000000,3.68,3.63,1405000000,null,735000000,null,4068000000,2714000000,1161000000,638000000,1889000000,178000000,438000000,null,null,null,430000000,103000000
INTU,0000896878,2019,FY,10-K,2019-08-30,2017-07-31,2016-08-01,0000896878-19-000132,5196000000,985000000,3.83,3.78,1418000000,null,998000000,null,5134000000,2318000000,1492000000,529000000,1599000000,102000000,388000000,null,null,747000000,405000000,98000000
INTU,0000896878,2019,Q1,10-Q,2018-11-20,2017-10-31,2017-08-01,0000896878-18-000212,null,-2000000,-0.01,-0.01,-35000000,null,293000000,null,5134000000,2318000000,1699000000,529000000,-78000000,50000000,388000000,null,null,null,-35000000,98000000
INTU,0000896878,2019,Q2,10-Q,2019-02-22,2018-01-31,2017-08-01,0000896878-19-000042,null,181000000,0.71,0.7,159000000,null,579000000,null,5134000000,2318000000,1699000000,478000000,174000000,77000000,388000000,null,null,null,-25000000,98000000
INTU,0000896878,2019,Q3,10-Q,2019-05-23,2018-04-30,2017-08-01,0000896878-19-000077,null,1367000000,5.34,5.25,1760000000,null,875000000,null,5134000000,2318000000,1699000000,1614000000,2149000000,97000000,388000000,null,null,null,392000000,98000000
INTU,0000896878,2020,FY,10-K,2020-08-31,2018-07-31,2017-08-01,0000896878-20-000148,6025000000,1329000000,5.18,5.09,1560000000,null,1186000000,null,6283000000,2534000000,1699000000,1464000000,2112000000,38000000,2048000000,null,null,779000000,237000000,87000000
INTU,0000896878,2020,Q1,10-Q,2019-11-21,2018-10-31,2018-08-01,0000896878-19-000174,null,34000000,0.13,0.13,-10000000,null,294000000,null,6283000000,2534000000,2816000000,1084000000,-143000000,35000000,386000000,null,null,null,-48000000,87000000
INTU,0000896878,2020,Q2,10-Q,2020-02-24,2019-01-31,2018-08-01,0000896878-20-000027,null,223000000,0.86,0.84,223000000,null,589000000,null,6283000000,2534000000,2816000000,1075000000,198000000,80000000,386000000,null,null,null,-2000000,87000000
INTU,0000896878,2020,Q3,10-Q,2020-05-21,2019-04-30,2018-08-01,0000896878-20-000065,null,1601000000,6.16,6.06,2007000000,null,900000000,null,6283000000,2534000000,2816000000,2946000000,2446000000,129000000,386000000,null,null,null,417000000,87000000
INTU,0000896878,2021,FY,10-K,2021-09-08,2019-07-31,2018-08-01,0000896878-21-000233,6784000000,1557000000,5.99,5.89,1854000000,null,1233000000,null,10931000000,5825000000,2816000000,2116000000,2324000000,76000000,2048000000,null,null,null,324000000,149000000
INTU,0000896878,2021,Q1,10-Q,2020-11-19,2019-10-31,2019-08-01,0000896878-20-000223,null,57000000,0.22,0.22,10000000,null,334000000,null,10931000000,5825000000,3749000000,1630000000,-127000000,38000000,2031000000,null,null,null,-35000000,149000000
INTU,0000896878,2021,Q2,10-Q,2021-02-23,2020-01-31,2019-08-01,0000896878-21-000059,null,297000000,1.14,1.13,280000000,null,667000000,null,10931000000,5825000000,3749000000,1641000000,190000000,68000000,2031000000,null,null,null,7000000,149000000
INTU,0000896878,2021,Q3,10-Q,2021-05-25,2020-04-30,2019-08-01,0000896878-21-000115,null,1381000000,5.29,5.24,1693000000,null,999000000,null,10931000000,5825000000,3749000000,3371000000,2127000000,107000000,2031000000,null,null,null,331000000,149000000
INTU,0000896878,2022,FY,10-K,2022-09-02,2020-07-31,2019-08-01,0000896878-22-000028,7679000000,1826000000,6.99,6.92,2176000000,null,1392000000,null,15516000000,5647000000,3749000000,6442000000,2414000000,59000000,2034000000,null,null,null,372000000,391000000
INTU,0000896878,2022,Q1,10-Q,2021-11-18,2020-10-31,2020-08-01,0000896878-21-000260,null,198000000,0.75,0.75,209000000,null,325000000,null,15516000000,5647000000,5106000000,5174000000,45000000,38000000,2034000000,null,null,null,12000000,391000000
INTU,0000896878,2022,Q2,10-Q,2022-03-02,2021-01-31,2020-08-01,0000896878-22-000010,null,218000000,0.82,0.81,184000000,null,693000000,null,15516000000,5647000000,5106000000,1952000000,324000000,71000000,2034000000,null,null,null,14000000,391000000
INTU,0000896878,2022,Q3,10-Q,2022-05-24,2021-04-30,2020-08-01,0000896878-22-000021,null,1682000000,6.26,6.2,2098000000,null,1157000000,null,15516000000,5647000000,5106000000,3164000000,2708000000,101000000,2034000000,null,null,null,471000000,391000000
INTU,0000896878,2023,FY,10-K,2023-09-01,2021-07-31,2020-08-01,0000896878-23-000034,9633000000,2062000000,7.65,7.56,2500000000,null,1678000000,null,27734000000,11293000000,5106000000,2562000000,3250000000,53000000,6914000000,null,null,null,494000000,446000000
INTU,0000896878,2023,Q1,10-Q,2022-11-29,2021-10-31,2021-08-01,0000896878-22-000036,null,228000000,0.84,0.82,195000000,null,530000000,null,27734000000,11293000000,9869000000,2864000000,145000000,42000000,6914000000,null,null,null,10000000,446000000
INTU,0000896878,2023,Q2,10-Q,2023-02-23,2022-01-31,2021-08-01,0000896878-23-000010,null,328000000,1.18,1.16,251000000,null,1120000000,null,27734000000,11293000000,9869000000,1257000000,230000000,107000000,6914000000,null,null,null,-60000000,null
INTU,0000896878,2023,Q3,10-Q,2023-05-23,2022-04-30,2021-08-01,0000896878-23-000020,null,2122000000,7.6,7.48,2646000000,null,1720000000,null,27734000000,11293000000,9869000000,3531000000,3550000000,168000000,6914000000,null,null,null,519000000,null
INTU,0000896878,2024,FY,10-K,2024-09-04,2022-07-31,2021-08-01,0000896878-24-000039,12726000000,2066000000,7.38,7.28,2571000000,null,2347000000,null,27780000000,10511000000,9869000000,2796000000,3889000000,157000000,6120000000,null,null,null,476000000,405000000
INTU,0000896878,2024,Q1,10-Q,2023-11-28,2022-10-31,2022-08-01,0000896878-23-000041,null,40000000,0.14,0.14,76000000,null,625000000,null,27780000000,10511000000,16441000000,2125000000,328000000,77000000,6120000000,null,null,null,-8000000,null
INTU,0000896878,2024,Q2,10-Q,2024-02-22,2023-01-31,2022-08-01,0000896878-24-000011,null,208000000,0.74,0.73,346000000,null,1255000000,null,27780000000,10511000000,16441000000,1547000000,612000000,132000000,6120000000,null,null,null,52000000,null
INTU,0000896878,2024,Q3,10-Q,2024-05-23,2023-04-30,2022-08-01,0000896878-24-000026,null,2295000000,8.17,8.11,3124000000,null,1859000000,null,27780000000,10511000000,16441000000,3745000000,4204000000,220000000,6120000000,null,null,null,699000000,null
INTU,0000896878,2025,FY,10-K,2025-09-03,2023-07-31,2022-08-01,0000896878-25-000035,14368000000,2384000000,8.49,8.42,3141000000,null,2539000000,null,32132000000,13696000000,16441000000,2848000000,5046000000,210000000,6038000000,null,null,null,605000000,457000000
INTU,0000896878,2025,Q1,10-Q,2024-11-21,2023-10-31,2023-08-01,0000896878-24-000053,2978000000,241000000,0.86,0.85,307000000,null,680000000,null,32132000000,13696000000,17269000000,1734000000,-97000000,84000000,6038000000,null,null,null,23000000,null
INTU,0000896878,2025,Q2,10-Q,2025-02-25,2024-01-31,2023-08-01,0000896878-25-000015,6364000000,594000000,2.12,2.1,676000000,null,1358000000,null,32132000000,13696000000,17269000000,1474000000,516000000,147000000,6038000000,null,null,null,24000000,null
INTU,0000896878,2025,Q3,10-Q,2025-05-22,2024-04-30,2023-08-01,0000896878-25-000022,13101000000,2983000000,10.65,10.51,3781000000,null,2029000000,null,32132000000,13696000000,17269000000,4215000000,4467000000,208000000,6038000000,null,null,null,707000000,null
