ticker,cik,fy,fp,form,filed,end,start,accn,Revenues,NetIncomeLoss,EarningsPerShareBasic,EarningsPerShareDiluted,OperatingIncomeLoss,GrossProfit,ResearchAndDevelopmentExpense,SellingGeneralAndAdministrativeExpense,Assets,Liabilities,StockholdersEquity,CashAndCashEquivalentsAtCarryingValue,NetCashProvidedByUsedInOperatingActivities,PaymentsToAcquirePropertyPlantAndEquipment,LongTermDebt,ShortTermInvestments,CostOfRevenue,OperatingExpenses,IncomeTaxExpenseBenefit,AccountsReceivableNetCurrent
ISRG,0001035267,2016,FY,10-K,2017-02-06,2014-12-31,2014-01-01,0001035267-17-000021,null,418800000,11.35,11.11,544800000,1413800000,178000000,691000000,4907300000,587800000,3501400000,782100000,665100000,null,null,null,717900000,869000000,130200000,394300000
ISRG,0001035267,2016,Q1,10-Q,2016-04-19,2015-03-31,2015-01-01,0001035267-16-000174,null,97000000,2.64,2.57,130400000,336800000,44400000,162000000,4907300000,587800000,4319500000,600300000,123700000,null,null,null,195300000,206400000,37700000,394300000
ISRG,0001035267,2016,Q2,10-Q,2016-07-20,2015-06-30,2015-01-01,0001035267-16-000215,null,231500000,6.29,6.14,304200000,723300000,93800000,325300000,4907300000,587800000,4319500000,600300000,308800000,null,null,null,394900000,419100000,81600000,394300000
ISRG,0001035267,2016,Q3,10-Q,2016-10-19,2015-09-30,2015-01-01,0001035267-16-000240,null,398800000,10.78,10.55,494100000,1119100000,144800000,480200000,4907300000,587800000,4319500000,600300000,488500000,null,null,null,588800000,625000000,107900000,394300000
ISRG,0001035267,2017,FY,10-K,2018-02-02,2015-12-31,2015-01-01,0001035267-18-000013,null,588800000,5.29,5.18,740000000,1577900000,197400000,640500000,6486900000,709100000,5777800000,600300000,806200000,null,null,null,806500000,837900000,169700000,430200000
ISRG,0001035267,2017,Q1,10-Q,2017-04-19,2016-03-31,2016-01-01,0001035267-17-000063,null,136400000,3.62,3.54,179000000,405000000,53200000,172800000,6486900000,709100000,5777800000,714600000,226800000,null,null,null,189500000,226000000,48100000,430200000
ISRG,0001035267,2017,Q2,10-Q,2017-07-21,2016-06-30,2016-01-01,0001035267-17-000101,null,320900000,8.44,8.25,424400000,875900000,107900000,343600000,6486900000,709100000,5777800000,714600000,488500000,null,null,null,388700000,451500000,117000000,430200000
ISRG,0001035267,2017,Q3,10-Q,2017-10-20,2016-09-30,2016-01-01,0001035267-17-000147,null,531900000,4.64,4.52,680800000,1362900000,170500000,511600000,6486900000,709100000,5777800000,714600000,757300000,null,null,null,584600000,682100000,172800000,430200000
ISRG,0001035267,2018,FY,10-K,2019-02-04,2016-12-31,2016-01-01,0001035267-19-000012,null,738300000,6.43,6.26,949700000,1892900000,239600000,703600000,5776800000,996400000,4778800000,648200000,1087000000,null,null,null,null,943200000,247000000,507900000
ISRG,0001035267,2018,Q1,10-Q,2018-04-18,2017-03-31,2017-01-01,0001035267-18-000048,null,180800000,1.62,1.57,193400000,469800000,73500000,202900000,5776800000,996400000,4778800000,648200000,241500000,null,null,null,209800000,276400000,21300000,507900000
ISRG,0001035267,2018,Q2,10-Q,2018-07-20,2017-06-30,2017-01-01,0001035267-18-000084,null,403800000,3.62,3.5,453300000,999900000,158100000,388500000,5776800000,996400000,4778800000,648200000,458000000,null,null,null,438500000,546600000,68300000,507900000
ISRG,0001035267,2018,Q3,10-Q,2018-10-22,2017-09-30,2017-01-01,0001035267-18-000127,null,702400000,6.29,6.06,733900000,1568000000,241500000,592600000,5776800000,996400000,4778800000,648200000,811900000,null,null,null,null,834100000,61100000,507900000
ISRG,0001035267,2019,FY,10-K,2020-02-07,2017-12-31,2017-01-01,0001035267-20-000032,null,670900000,6.01,5.77,1062900000,2202000000,328600000,810500000,7846700000,1159200000,6678800000,857900000,1143900000,null,null,null,null,1139100000,433900000,682300000
ISRG,0001035267,2019,Q1,10-Q,2019-04-19,2018-03-31,2018-01-01,0001035267-19-000038,null,287600000,2.55,2.44,276700000,593800000,95500000,221600000,7846700000,1159200000,6678800000,857900000,280200000,null,null,null,null,317100000,2600000,682300000
ISRG,0001035267,2019,Q2,10-Q,2019-07-22,2018-06-30,2018-01-01,0001035267-19-000088,null,542900000,4.8,4.59,554100000,1226100000,190600000,481400000,7846700000,1159200000,6678800000,857900000,511700000,null,null,null,null,672000000,29300000,682300000
ISRG,0001035267,2019,Q3,10-Q,2019-10-18,2018-09-30,2018-01-01,0001035267-19-000139,null,835400000,7.37,7.04,867400000,1868400000,298200000,702800000,7846700000,1159200000,6678800000,857900000,831500000,null,null,null,null,1001000000,87000000,682300000
ISRG,0001035267,2020,FY,10-K,2021-02-10,2018-12-31,2018-01-01,0001035267-21-000028,null,1127900000,9.92,9.49,1199400000,2604100000,418100000,986600000,9733200000,1448500000,8263800000,1167600000,1169600000,null,null,null,null,1404700000,154500000,645200000
ISRG,0001035267,2020,Q1,10-Q,2020-04-17,2019-03-31,2019-01-01,0001035267-20-000075,null,306500000,2.67,2.56,252200000,669600000,144000000,273400000,9733200000,1448500000,8263800000,1167600000,333200000,null,null,null,null,417400000,-24300000,645200000
ISRG,0001035267,2020,Q2,10-Q,2020-07-23,2019-06-30,2019-01-01,0001035267-20-000122,null,624800000,5.42,5.23,611200000,1428600000,264800000,552600000,9733200000,1448500000,8263800000,1167600000,649200000,null,null,null,null,817400000,51100000,645200000
ISRG,0001035267,2020,Q3,10-Q,2020-10-19,2019-09-30,2019-01-01,0001035267-20-000166,null,1021600000,8.86,8.56,976900000,2214200000,400700000,836600000,9733200000,1448500000,8263800000,1167600000,1045500000,null,null,null,null,1237300000,51400000,645200000
ISRG,0001035267,2021,FY,10-K,2022-02-03,2019-12-31,2019-01-01,0001035267-22-000014,null,1379300000,3.98,3.85,1374500000,3110200000,557300000,1178400000,11168900000,1409800000,9731500000,1622600000,1598200000,null,null,null,null,1735700000,120400000,645500000
ISRG,0001035267,2021,Q1,10-Q,2021-04-21,2020-03-31,2020-01-01,0001035267-21-000067,null,313500000,2.69,2.62,283000000,738200000,147100000,308100000,11168900000,1409800000,9731500000,1622600000,352800000,null,null,null,null,455200000,-8100000,645500000
ISRG,0001035267,2021,Q2,10-Q,2021-07-21,2020-06-30,2020-01-01,0001035267-21-000119,null,381500000,3.27,3.19,363600000,1241100000,290300000,587200000,11168900000,1409800000,9731500000,1622600000,582700000,null,null,null,null,877500000,28900000,645500000
ISRG,0001035267,2021,Q3,10-Q,2021-10-20,2020-09-30,2020-01-01,0001035267-21-000178,null,695400000,1.98,1.93,634000000,1965400000,445300000,886100000,11168900000,1409800000,9731500000,1622600000,857300000,null,null,null,null,1331400000,67300000,645500000
ISRG,0001035267,2022,FY,10-K,2023-02-10,2020-12-31,2020-01-01,0001035267-23-000019,null,1060600000,3.02,2.94,1049800000,2861200000,595100000,1216300000,13555000000,1603500000,11901100000,1290900000,1484800000,null,null,null,null,1811400000,140200000,782700000
ISRG,0001035267,2022,Q1,10-Q,2022-04-22,2021-03-31,2021-01-01,0001035267-22-000085,null,426300000,1.2,1.17,416800000,902600000,159800000,326000000,13555000000,1603500000,11901100000,1290900000,477600000,null,null,null,null,485800000,13600000,782700000
ISRG,0001035267,2022,Q2,10-Q,2022-07-22,2021-06-30,2021-01-01,0001035267-22-000128,null,943500000,2.66,2.59,928000000,1926300000,322100000,676200000,13555000000,1603500000,11901100000,1290900000,1020300000,null,null,null,null,998300000,16800000,782700000
ISRG,0001035267,2022,Q3,10-Q,2022-10-21,2021-09-30,2021-01-01,0001035267-22-000169,null,1324000000,3.72,3.63,1370600000,2897700000,487600000,1039500000,13555000000,1603500000,11901100000,1290900000,1521700000,null,null,null,null,1527100000,90700000,782700000
ISRG,0001035267,2023,FY,10-K,2024-01-31,2021-12-31,2021-01-01,0001035267-24-000021,null,1704600000,4.79,4.66,1821000000,3958500000,671000000,1466500000,12974000000,1861400000,11041900000,1581200000,2089400000,null,null,null,null,2137500000,162200000,942100000
ISRG,0001035267,2023,Q1,10-Q,2023-04-20,2022-03-31,2022-01-01,0001035267-23-000092,null,365600000,1.02,1,408100000,1009700000,210500000,391100000,12974000000,1861400000,11041900000,1581200000,223000000,null,null,null,null,601600000,33000000,942100000
ISRG,0001035267,2023,Q2,10-Q,2023-07-24,2022-06-30,2022-01-01,0001035267-23-000159,null,673400000,1.88,1.84,805700000,2033000000,417800000,809500000,12974000000,1861400000,11041900000,1581200000,669700000,null,null,null,null,1227300000,126300000,942100000
ISRG,0001035267,2023,Q3,10-Q,2023-10-20,2022-09-30,2022-01-01,0001035267-23-000196,null,997400000,2.79,2.74,1204600000,3085100000,634900000,1245600000,12974000000,1861400000,11041900000,1581200000,1052900000,null,null,null,null,1880500000,204400000,942100000
ISRG,0001035267,2024,FY,10-K,2025-01-31,2022-12-31,2022-01-01,0001035267-25-000017,null,1322300000,3.72,3.65,1577100000,4196000000,879000000,1739900000,15441500000,2044200000,13307600000,2750100000,1490800000,null,null,null,null,2618900000,262400000,1130200000
ISRG,0001035267,2024,Q1,10-Q,2024-04-19,2023-03-31,2023-01-01,0001035267-24-000137,null,355300000,1.01,1,387600000,1113000000,244900000,480500000,15441500000,2044200000,13307600000,2750100000,371400000,null,null,null,null,725400000,61000000,1130200000
ISRG,0001035267,2024,Q2,10-Q,2024-07-19,2023-06-30,2023-01-01,0001035267-24-000207,null,776100000,2.21,2.18,850800000,2284900000,489300000,944800000,15441500000,2044200000,13307600000,2750100000,1037100000,null,null,null,null,1434100000,134200000,1130200000
ISRG,0001035267,2024,Q3,10-Q,2024-10-18,2023-09-30,2023-01-01,0001035267-24-000247,null,1191800000,3.4,3.34,1316600000,3452100000,738700000,1396800000,15441500000,2044200000,13307600000,2750100000,1585500000,null,null,null,null,2135500000,236400000,1130200000
ISRG,0001035267,2025,Q1,10-Q,2025-04-23,2024-03-31,2024-01-01,0001035267-25-000109,null,544900000,1.54,1.51,469400000,1245400000,284500000,491500000,18743200000,2213600000,16433700000,2027400000,265400000,null,null,null,null,776000000,-8900000,1225400000
ISRG,0001035267,2025,Q2,10-Q,2025-07-23,2024-06-30,2024-01-01,0001035267-25-000192,null,1071800000,3.03,2.97,1036700000,2618100000,564600000,1016800000,18743200000,2213600000,16433700000,2027400000,885900000,null,null,null,null,1581400000,114100000,1225400000
ISRG,0001035267,2025,Q3,10-Q,2025-10-22,2024-09-30,2024-01-01,0001035267-25-000209,null,1636900000,4.61,4.53,1614000000,3992000000,850600000,1527400000,18743200000,2213600000,16433700000,2027400000,1592400000,null,null,null,null,2378000000,214500000,1225400000
