ticker,cik,fy,fp,form,filed,end,start,accn,Revenues,NetIncomeLoss,EarningsPerShareBasic,EarningsPerShareDiluted,OperatingIncomeLoss,GrossProfit,ResearchAndDevelopmentExpense,SellingGeneralAndAdministrativeExpense,Assets,Liabilities,StockholdersEquity,CashAndCashEquivalentsAtCarryingValue,NetCashProvidedByUsedInOperatingActivities,PaymentsToAcquirePropertyPlantAndEquipment,LongTermDebt,ShortTermInvestments,CostOfRevenue,OperatingExpenses,IncomeTaxExpenseBenefit,AccountsReceivableNetCurrent
LULU,0001397187,2016,FY,10-K,2017-03-29,2015-02-01,2014-02-03,0001397187-17-000008,null,239033000,1.66,1.66,376033000,914180000,null,538147000,1314077000,286595000,1096682000,698649000,314449000,119733000,null,null,null,null,144102000,null
LULU,0001397187,2016,Q1,10-Q,2016-06-08,2015-05-03,2015-02-02,0001397187-16-000108,null,47810000,0.34,0.34,68036000,205877000,null,137841000,1314077000,286595000,1027482000,664479000,20940000,27936000,null,null,null,null,20755000,null
LULU,0001397187,2016,Q2,10-Q,2016-09-01,2015-08-02,2015-02-02,0001397187-16-000127,null,95478000,0.67,0.67,134615000,417902000,null,283287000,1314077000,286595000,1027482000,664479000,32161000,65118000,null,null,null,null,40508000,null
LULU,0001397187,2016,Q3,10-Q,2016-12-07,2015-11-01,2015-02-02,0001397187-16-000134,null,148631000,1.05,1.05,202793000,642699000,null,439906000,1314077000,286595000,1027482000,664479000,25940000,108061000,null,null,null,null,52643000,null
LULU,0001397187,2017,FY,10-K,2018-03-27,2016-01-31,2015-02-02,0001397187-18-000013,null,266047000,1.9,1.89,369076000,997166000,null,628090000,1657541000,297568000,1089568000,664479000,297538000,143487000,null,null,null,null,102448000,null
LULU,0001397187,2017,Q1,10-Q,2017-06-01,2016-05-01,2016-02-01,0001397187-17-000027,null,45336000,0.33,0.33,57589000,239131000,null,181542000,1657541000,297568000,1359973000,501482000,40027000,26644000,null,null,null,null,11767000,null
LULU,0001397187,2017,Q2,10-Q,2017-08-31,2016-07-31,2016-02-01,0001397187-17-000039,null,98961000,0.72,0.72,131548000,493292000,null,361744000,1657541000,297568000,1359973000,501482000,101193000,71261000,null,null,null,null,32679000,null
LULU,0001397187,2017,Q3,10-Q,2017-12-06,2016-10-30,2016-02-01,0001397187-17-000048,null,167246000,1.22,1.22,224523000,771718000,null,547195000,1657541000,297568000,1359973000,501482000,98659000,106168000,null,null,null,null,57997000,null
LULU,0001397187,2018,FY,10-K,2019-03-27,2017-01-29,2016-02-01,0001397187-19-000011,null,303381000,2.21,2.21,421152000,1199617000,null,778465000,1998483000,401523000,1027482000,501482000,386392000,149511000,null,null,null,null,119348000,null
LULU,0001397187,2018,Q1,10-Q,2018-05-31,2017-04-30,2017-01-30,0001397187-18-000030,null,31246000,0.23,0.23,45423000,256895000,null,199141000,1998483000,401523000,1596960000,734846000,19400000,19879000,null,null,null,null,15084000,null
LULU,0001397187,2018,Q2,10-Q,2018-08-30,2017-07-30,2017-01-30,0001397187-18-000047,null,79957000,0.59,0.58,114135000,554317000,null,424665000,1998483000,401523000,1596960000,734846000,102038000,49889000,null,null,null,null,35897000,null
LULU,0001397187,2018,Q3,10-Q,2018-12-06,2017-10-29,2017-01-30,0001397187-18-000053,null,138901000,1.02,1.02,199723000,876279000,null,640032000,1998483000,401523000,1596960000,734846000,131309000,107128000,null,null,null,null,63593000,null
LULU,0001397187,2019,FY,10-K,2020-03-26,2018-01-28,2017-01-30,0001397187-20-000012,null,258662000,1.9,1.9,456001000,1398790000,null,904264000,2084711000,638736000,1359973000,null,489337000,157864000,null,null,null,null,201336000,null
LULU,0001397187,2019,Q1,10-Q,2019-06-12,2018-04-29,2018-01-29,0001397187-19-000044,null,75153000,0.55,0.55,104305000,344733000,null,240428000,2084711000,638736000,1596960000,null,35837000,34314000,null,null,null,null,32070000,null
LULU,0001397187,2019,Q2,10-Q,2019-09-05,2018-07-29,2018-01-29,0001397187-19-000064,null,170923000,1.27,1.26,238513000,740927000,null,502414000,2084711000,638736000,1596960000,null,210026000,84007000,null,null,null,null,72099000,null
LULU,0001397187,2019,Q3,10-Q,2019-12-11,2018-10-28,2018-01-29,0001397187-19-000072,null,265336000,1.98,1.97,374416000,1147704000,null,773288000,2084711000,638736000,1596960000,null,316876000,156746000,null,null,null,null,115633000,null
LULU,0001397187,2020,FY,10-K,2021-03-30,2019-02-03,2018-01-29,0001397187-21-000009,null,483801000,3.63,3.61,705836000,1816287000,null,1110379000,3281354000,1329136000,1596960000,null,742779000,225807000,null,null,null,null,231449000,null
LULU,0001397187,2020,Q1,10-Q,2020-06-11,2019-05-05,2019-02-04,0001397187-20-000032,null,96603000,0.74,0.74,128812000,421720000,null,292908000,3281354000,1329136000,1445975000,null,-62803000,68434000,null,null,null,null,34588000,null
LULU,0001397187,2020,Q2,10-Q,2020-09-08,2019-08-04,2019-02-04,0001397187-20-000043,null,221593000,1.7,1.69,296794000,907516000,null,610722000,3281354000,1329136000,1445975000,null,50042000,135764000,null,null,null,null,79430000,null
LULU,0001397187,2020,Q3,10-Q,2020-12-10,2019-11-03,2019-02-04,0001397187-20-000057,null,347575000,2.67,2.65,472623000,1412560000,null,939930000,3281354000,1329136000,1445975000,null,95106000,214217000,null,null,null,null,131202000,null
LULU,0001397187,2021,FY,10-K,2022-03-29,2020-02-02,2019-02-04,0001397187-22-000014,null,645596000,4.95,4.93,889110000,2223386000,null,1334247000,4185215000,1626649000,1445975000,null,669316000,283048000,null,null,null,null,251797000,null
LULU,0001397187,2021,Q1,10-Q,2021-06-03,2020-05-03,2020-02-03,0001397187-21-000018,null,28632000,0.22,0.22,32751000,334402000,null,299583000,4185215000,1626649000,1952218000,null,-121243000,52101000,null,null,null,null,5293000,null
LULU,0001397187,2021,Q2,10-Q,2021-09-08,2020-08-02,2020-02-03,0001397187-21-000027,null,115433000,0.89,0.88,157160000,823903000,null,652464000,4185215000,1626649000,1952218000,null,60062000,104723000,null,null,null,null,42557000,null
LULU,0001397187,2021,Q3,10-Q,2021-12-09,2020-11-01,2020-02-03,0001397187-21-000039,null,259076000,1.99,1.98,362080000,1451257000,null,1064172000,4185215000,1626649000,1952218000,null,85404000,170830000,null,null,null,null,103254000,null
LULU,0001397187,2022,FY,10-K,2023-03-28,2021-01-31,2020-02-03,0001397187-23-000012,null,588913000,4.52,4.5,819986000,2463991000,null,1609003000,4942478000,2202432000,1952218000,null,803336000,229226000,null,null,null,null,230437000,null
LULU,0001397187,2022,Q1,10-Q,2022-06-02,2021-05-02,2021-02-01,0001397187-22-000031,null,144956000,1.11,1.11,193821000,700314000,null,496634000,4942478000,2202432000,2558566000,null,214109000,64225000,null,null,null,null,49092000,null
LULU,0001397187,2022,Q2,10-Q,2022-09-01,2021-08-01,2021-02-01,0001397187-22-000040,null,353030000,2.71,2.7,484852000,1543000000,null,1037951000,4942478000,2202432000,2558566000,null,499772000,144494000,null,null,null,null,132145000,null
LULU,0001397187,2022,Q3,10-Q,2022-12-08,2021-10-31,2021-02-01,0001397187-22-000049,null,540818000,4.16,4.14,742799000,2372393000,null,1583075000,4942478000,2202432000,2558566000,null,658124000,266991000,null,null,null,null,202319000,null
LULU,0001397187,2023,FY,10-K,2024-03-21,2022-01-30,2021-02-01,0001397187-24-000010,null,975322000,7.52,7.49,1333355000,3608565000,null,2225034000,5607038000,2458239000,2558566000,null,1389108000,394502000,null,null,null,null,358547000,null
LULU,0001397187,2023,Q1,10-Q,2023-06-01,2022-05-01,2022-01-31,0001397187-23-000027,null,189998000,1.48,1.48,260347000,870393000,null,607851000,5607038000,2458239000,2740046000,null,-243256000,111352000,null,null,null,null,70327000,null
LULU,0001397187,2023,Q2,10-Q,2023-08-31,2022-07-31,2022-01-31,0001397187-23-000044,null,479519000,3.75,3.74,661555000,1925869000,null,1270104000,5607038000,2458239000,2740046000,null,-145618000,256070000,null,null,null,null,182159000,null
LULU,0001397187,2023,Q3,10-Q,2023-12-07,2022-10-30,2022-01-31,0001397187-23-000052,null,734989000,5.75,5.74,1013982000,2964721000,null,1954340000,5607038000,2458239000,2740046000,null,-79801000,431677000,null,null,null,null,279447000,null
LULU,0001397187,2024,FY,10-K,2025-03-27,2023-01-29,2022-01-31,0001397187-25-000013,null,854800000,6.7,6.68,1328408000,4492340000,null,2757447000,7091941000,2859860000,2740046000,null,966463000,638657000,null,null,null,null,477771000,null
LULU,0001397187,2024,Q1,10-Q,2024-06-05,2023-04-30,2023-01-30,0001397187-24-000024,null,290405000,2.28,2.28,401414000,1150805000,null,747513000,7091941000,2859860000,3148799000,null,45503000,136942000,null,null,null,null,119034000,null
LULU,0001397187,2024,Q2,10-Q,2024-08-29,2023-07-30,2023-01-30,0001397187-24-000034,null,632008000,4.97,4.96,880671000,2449316000,null,1564888000,7091941000,2859860000,3148799000,null,522213000,282453000,null,null,null,null,264050000,null
LULU,0001397187,2024,Q3,10-Q,2024-12-05,2023-10-29,2023-01-30,0001397187-24-000041,null,880722000,6.94,6.92,1218786000,3705980000,null,2407683000,7091941000,2859860000,3148799000,null,912066000,445353000,null,null,null,null,363293000,null
LULU,0001397187,2025,Q1,10-Q,2025-06-05,2024-04-28,2024-01-29,0001397187-25-000027,null,321421000,2.55,2.54,432642000,1275068000,null,842426000,7603292000,3279245000,4232081000,null,127524000,130681000,null,null,null,null,134504000,null
LULU,0001397187,2025,Q2,10-Q,2025-09-04,2024-07-28,2024-01-29,0001397187-25-000039,null,714343000,5.7,5.69,972868000,2687253000,null,1714385000,7603292000,3279245000,4232081000,null,570664000,275767000,null,null,null,null,299802000,null
