ticker,cik,fy,fp,form,filed,end,start,accn,Revenues,NetIncomeLoss,EarningsPerShareBasic,EarningsPerShareDiluted,OperatingIncomeLoss,GrossProfit,ResearchAndDevelopmentExpense,SellingGeneralAndAdministrativeExpense,Assets,Liabilities,StockholdersEquity,CashAndCashEquivalentsAtCarryingValue,NetCashProvidedByUsedInOperatingActivities,PaymentsToAcquirePropertyPlantAndEquipment,LongTermDebt,ShortTermInvestments,CostOfRevenue,OperatingExpenses,IncomeTaxExpenseBenefit,AccountsReceivableNetCurrent
MU,0000723125,2016,FY,10-K,2016-10-28,2014-08-28,2013-08-30,0000723125-16-000269,null,3045000000,2.87,2.54,3087000000,5437000000,1371000000,707000000,24143000000,10855000000,12302000000,2880000000,null,3107000000,null,null,null,null,128000000,2188000000
MU,0000723125,2016,Q1,10-Q,2016-01-08,2014-12-04,2014-08-29,0000723125-16-000146,null,1003000000,0.94,0.84,1085000000,1638000000,376000000,193000000,24143000000,10855000000,12302000000,4150000000,null,669000000,null,null,null,null,75000000,2188000000
MU,0000723125,2016,Q2,10-Q,2016-04-08,2015-03-05,2014-08-29,0000723125-16-000176,null,1937000000,1.81,1.62,1940000000,3043000000,755000000,380000000,24143000000,10855000000,12302000000,4150000000,null,1522000000,null,null,null,null,122000000,2188000000
MU,0000723125,2016,Q3,10-Q,2016-07-06,2015-06-04,2014-08-29,0000723125-16-000201,null,2428000000,2.26,2.05,2571000000,4245000000,1161000000,549000000,24143000000,10855000000,12302000000,4150000000,null,2256000000,null,null,null,null,226000000,2188000000
MU,0000723125,2017,FY,10-K,2017-10-26,2015-09-03,2014-08-29,0000723125-17-000131,null,2899000000,2.71,2.47,2998000000,5215000000,1540000000,719000000,27540000000,14612000000,12080000000,4140000000,5208000000,4021000000,null,null,null,null,157000000,1765000000
MU,0000723125,2017,Q1,10-Q,2017-01-09,2015-12-03,2015-09-04,0000723125-17-000005,null,206000000,0.2,0.19,232000000,849000000,421000000,179000000,27540000000,14612000000,12080000000,2287000000,null,990000000,null,null,null,null,-4000000,1765000000
MU,0000723125,2017,Q2,10-Q,2017-03-28,2016-03-03,2015-09-04,0000723125-17-000037,null,109000000,0.11,0.1,227000000,1428000000,824000000,354000000,27540000000,14612000000,12080000000,2287000000,null,2209000000,null,null,null,null,1000000,1765000000
MU,0000723125,2017,Q3,10-Q,2017-06-30,2016-06-02,2015-09-04,0000723125-17-000085,null,-106000000,-0.1,-0.1,200000000,1926000000,1206000000,502000000,27540000000,14612000000,12080000000,2287000000,null,3894000000,null,null,null,null,16000000,1765000000
MU,0000723125,2018,FY,10-K,2018-10-15,2016-09-01,2015-09-04,0000723125-18-000092,12399000000,-276000000,-0.27,-0.27,168000000,2505000000,1617000000,659000000,35336000000,15845000000,18621000000,5109000000,3168000000,5817000000,null,null,null,null,19000000,3490000000
MU,0000723125,2018,Q1,10-Q,2017-12-20,2016-12-01,2016-09-02,0000723125-17-000166,null,180000000,0.17,0.16,359000000,1011000000,470000000,159000000,35336000000,15845000000,18621000000,5109000000,1138000000,1264000000,null,null,null,null,31000000,3490000000
MU,0000723125,2018,Q2,10-Q,2018-03-23,2017-03-02,2016-09-02,0000723125-18-000036,null,1074000000,1,0.95,1403000000,2715000000,943000000,346000000,35336000000,15845000000,18621000000,5109000000,2543000000,2428000000,null,null,null,null,69000000,3490000000
MU,0000723125,2018,Q3,10-Q,2018-06-22,2017-06-01,2016-09-02,0000723125-18-000065,null,2721000000,2.52,2.38,3366000000,5324000000,1377000000,550000000,35336000000,15845000000,18621000000,5109000000,4950000000,3469000000,null,null,null,null,161000000,3490000000
MU,0000723125,2019,FY,10-K,2019-10-17,2017-08-31,2016-09-02,0000723125-19-000094,null,5089000000,4.67,4.41,5868000000,8436000000,1824000000,743000000,43376000000,10112000000,32294000000,6506000000,8153000000,4734000000,null,null,null,null,114000000,5056000000
MU,0000723125,2019,Q1,10-Q,2018-12-19,2017-11-30,2017-09-01,0000723125-18-000156,null,2678000000,2.36,2.19,3097000000,3747000000,448000000,191000000,43376000000,10112000000,32294000000,6506000000,3636000000,1956000000,null,null,null,null,114000000,5056000000
MU,0000723125,2019,Q2,10-Q,2019-03-21,2018-03-01,2017-09-01,0000723125-19-000014,null,5987000000,5.23,4.86,6664000000,8017000000,971000000,387000000,43376000000,10112000000,32294000000,6506000000,7984000000,4217000000,null,null,null,null,257000000,5056000000
MU,0000723125,2019,Q3,10-Q,2019-06-26,2018-05-31,2017-09-01,0000723125-19-000035,null,9810000000,8.53,7.96,10617000000,12740000000,1574000000,598000000,43376000000,10112000000,32294000000,6506000000,12245000000,6628000000,null,null,null,null,148000000,5056000000
MU,0000723125,2020,FY,10-K,2020-10-19,2018-08-30,2017-09-01,0000723125-20-000082,null,14135000000,12.27,11.51,14994000000,17891000000,2141000000,813000000,48887000000,12019000000,35881000000,7152000000,17400000000,8879000000,6157000000,null,null,null,168000000,2778000000
MU,0000723125,2020,Q1,10-Q,2019-12-20,2018-11-29,2018-08-31,0000723125-19-000174,null,3293000000,2.91,2.81,3759000000,4615000000,611000000,209000000,48887000000,12019000000,35881000000,7152000000,4810000000,2700000000,null,null,null,null,477000000,2778000000
MU,0000723125,2020,Q2,10-Q,2020-03-26,2019-02-28,2018-08-31,0000723125-20-000034,null,4912000000,4.37,4.24,5716000000,7479000000,1212000000,418000000,48887000000,12019000000,35881000000,7152000000,8245000000,5349000000,null,null,null,null,757000000,2778000000
MU,0000723125,2020,Q3,10-Q,2020-06-29,2019-05-30,2018-08-31,0000723125-20-000067,null,5752000000,5.15,5.01,6726000000,9307000000,1818000000,624000000,48887000000,12019000000,35881000000,7152000000,10956000000,7752000000,null,null,null,null,622000000,2778000000
MU,0000723125,2021,FY,10-K,2021-10-08,2019-08-29,2018-08-31,0000723125-21-000065,null,6313000000,5.67,5.51,7376000000,10702000000,2441000000,836000000,53678000000,14682000000,38996000000,7624000000,13189000000,9780000000,5968000000,null,null,null,693000000,3494000000
MU,0000723125,2021,Q1,10-Q,2021-01-08,2019-11-28,2019-08-30,0000723125-21-000012,null,491000000,0.44,0.43,518000000,1366000000,640000000,211000000,53678000000,14682000000,38996000000,7624000000,2011000000,1943000000,null,null,null,null,55000000,3494000000
MU,0000723125,2021,Q2,10-Q,2021-04-01,2020-02-27,2019-08-30,0000723125-21-000032,null,896000000,0.81,0.79,958000000,2721000000,1321000000,434000000,53678000000,14682000000,38996000000,7624000000,4012000000,3999000000,null,null,null,null,76000000,3494000000
MU,0000723125,2021,Q3,10-Q,2021-07-01,2020-05-28,2019-08-30,0000723125-21-000052,null,1699000000,1.53,1.5,1846000000,4484000000,1970000000,650000000,53678000000,14682000000,38996000000,7624000000,6035000000,5943000000,null,null,null,null,144000000,3494000000
MU,0000723125,2022,FY,10-K,2022-10-07,2020-09-03,2019-08-30,0000723125-22-000048,null,2687000000,2.42,2.37,3003000000,6552000000,2600000000,881000000,58849000000,14916000000,38996000000,7763000000,8306000000,8223000000,6020000000,null,null,null,280000000,4920000000
MU,0000723125,2022,Q1,10-Q,2022-01-06,2020-12-03,2020-09-04,0000723125-22-000004,null,803000000,0.72,0.71,866000000,1736000000,647000000,214000000,58849000000,14916000000,38996000000,7763000000,1967000000,2738000000,6096000000,null,null,null,51000000,4920000000
MU,0000723125,2022,Q2,10-Q,2022-03-30,2020-12-03,2020-09-04,0000723125-22-000016,null,803000000,1.26,1.23,1529000000,3385000000,1288000000,428000000,58849000000,14916000000,38996000000,7763000000,5024000000,5756000000,6081000000,null,null,null,99000000,4920000000
MU,0000723125,2022,Q3,10-Q,2022-07-01,2020-12-03,2020-09-04,0000723125-22-000036,null,803000000,2.81,2.75,3328000000,6511000000,1958000000,658000000,58849000000,14916000000,38996000000,7763000000,8584000000,8015000000,6034000000,null,null,null,164000000,4920000000
MU,0000723125,2023,FY,10-K,2023-10-06,2021-09-02,2020-09-04,0000723125-23-000054,null,5861000000,5.23,5.14,6283000000,10423000000,2663000000,894000000,66283000000,16376000000,38996000000,8262000000,12468000000,10030000000,12049000000,null,null,null,394000000,4765000000
MU,0000723125,2023,Q1,10-Q,2022-12-22,2021-12-02,2021-09-03,0000723125-22-000072,null,2306000000,2.06,2.04,2631000000,3565000000,712000000,259000000,66283000000,16376000000,43933000000,8262000000,3938000000,3265000000,9351000000,null,null,null,219000000,4765000000
MU,0000723125,2023,Q2,10-Q,2023-03-29,2021-12-02,2021-09-03,0000723125-23-000022,null,2306000000,4.08,4.04,5177000000,7241000000,1504000000,522000000,66283000000,16376000000,43933000000,8262000000,7566000000,5876000000,11203000000,null,null,null,474000000,4765000000
MU,0000723125,2023,Q3,10-Q,2023-06-29,2021-12-02,2021-09-03,0000723125-23-000041,null,2306000000,6.44,6.38,8181000000,11276000000,2277000000,786000000,66283000000,16376000000,43933000000,8262000000,11404000000,8454000000,12074000000,null,null,null,832000000,4765000000
MU,0000723125,2024,FY,10-K,2024-10-04,2022-09-01,2021-09-03,0000723125-24-000027,null,8687000000,7.81,7.75,9702000000,13898000000,3116000000,1066000000,64254000000,20134000000,43933000000,8577000000,15181000000,12067000000,11343000000,null,null,null,888000000,2048000000
MU,0000723125,2024,Q1,10-Q,2023-12-21,2022-12-01,2022-09-02,0000723125-23-000077,null,-195000000,-0.18,-0.18,-209000000,893000000,849000000,251000000,64254000000,20134000000,49907000000,8577000000,943000000,2449000000,12024000000,null,null,null,8000000,2048000000
MU,0000723125,2024,Q2,10-Q,2024-03-21,2022-12-01,2022-09-02,0000723125-24-000007,null,-195000000,-2.3,-2.3,-2512000000,-313000000,1637000000,482000000,64254000000,20134000000,49907000000,8577000000,1286000000,4654000000,12018000000,null,null,null,62000000,2048000000
MU,0000723125,2024,Q3,10-Q,2024-06-27,2022-12-01,2022-09-02,0000723125-24-000019,null,-195000000,-4.03,-4.03,-4273000000,-981000000,2395000000,701000000,64254000000,20134000000,49907000000,8577000000,1310000000,6215000000,11332000000,null,null,null,201000000,2048000000
MU,0000723125,2025,FY,10-K,2025-10-03,2023-08-31,2022-09-02,0000723125-25-000028,null,-5833000000,-5.34,-5.34,-5745000000,-1416000000,3114000000,920000000,69416000000,24285000000,49907000000,7041000000,1559000000,7676000000,11533000000,null,null,null,177000000,5419000000
MU,0000723125,2025,Q1,10-Q,2024-12-19,2023-11-30,2023-09-01,0000723125-24-000047,null,-1234000000,-1.12,-1.12,-1128000000,-35000000,845000000,263000000,69416000000,24285000000,44120000000,7041000000,1401000000,1796000000,11306000000,null,null,null,73000000,5419000000
MU,0000723125,2025,Q2,10-Q,2025-03-21,2023-11-30,2023-09-01,0000723125-25-000009,null,-1234000000,-0.4,-0.4,-937000000,1044000000,1677000000,543000000,69416000000,24285000000,44120000000,7041000000,2620000000,3180000000,11541000000,null,null,null,-549000000,5419000000
MU,0000723125,2025,Q3,10-Q,2025-06-26,2023-11-30,2023-09-01,0000723125-25-000021,null,-1234000000,-0.1,-0.1,-218000000,2876000000,2527000000,834000000,69416000000,24285000000,44120000000,7041000000,5102000000,5266000000,12434000000,null,null,null,-172000000,5419000000
