ticker,cik,fy,fp,form,filed,end,start,accn,Revenues,NetIncomeLoss,EarningsPerShareBasic,EarningsPerShareDiluted,OperatingIncomeLoss,GrossProfit,ResearchAndDevelopmentExpense,SellingGeneralAndAdministrativeExpense,Assets,Liabilities,StockholdersEquity,CashAndCashEquivalentsAtCarryingValue,NetCashProvidedByUsedInOperatingActivities,PaymentsToAcquirePropertyPlantAndEquipment,LongTermDebt,ShortTermInvestments,CostOfRevenue,OperatingExpenses,IncomeTaxExpenseBenefit,AccountsReceivableNetCurrent
ON,0001097864,2016,FY,10-K,2017-02-28,2014-12-31,2014-01-01,0001193125-17-062207,3161800000,189700000,0.43,0.43,228900000,1084900000,null,null,3869600000,2237700000,1608200000,509500000,481300000,204300000,3806800000,null,2076900000,856000000,-200000,null
ON,0001097864,2016,Q1,10-Q,2016-05-09,2015-04-03,2015-01-01,0001193125-16-583131,870800000,55100000,0.13,0.13,68400000,300400000,null,null,3869600000,2237700000,1608200000,511700000,83500000,64800000,1515800000,null,570400000,232000000,7400000,null
ON,0001097864,2016,Q2,10-Q,2016-08-08,2015-07-03,2015-01-01,0001193125-16-674368,1751300000,105800000,0.25,0.24,136200000,604800000,null,null,3869600000,2237700000,1608200000,511700000,185100000,140300000,1515800000,null,1146500000,468600000,15100000,null
ON,0001097864,2016,Q3,10-Q,2016-11-07,2015-10-02,2015-01-01,0001193125-16-761289,2655500000,152100000,0.36,0.35,205600000,913300000,null,null,3869600000,2237700000,1608200000,511700000,313400000,204800000,1515800000,null,1742200000,707700000,25100000,null
ON,0001097864,2017,FY,10-K,2018-02-21,2015-12-31,2015-01-01,0001193125-18-051397,3495800000,206200000,0.49,0.48,261100000,1193200000,null,null,6924400000,5046500000,1823200000,511700000,470600000,270800000,3175000000,null,2302600000,932100000,10800000,null
ON,0001097864,2017,Q1,10-Q,2017-05-08,2016-04-01,2016-01-01,0001193125-17-162150,817200000,36000000,0.09,0.09,58400000,275500000,null,null,6924400000,5046500000,1823200000,617600000,114900000,72900000,3538400000,null,541700000,217100000,5300000,null
ON,0001097864,2017,Q2,10-Q,2017-08-07,2016-07-01,2016-01-01,0001193125-17-249592,1695000000,61100000,0.15,0.15,133700000,583400000,null,null,6924400000,5046500000,1823200000,617600000,219100000,124900000,3407300000,null,1111600000,449700000,12900000,null
ON,0001097864,2017,Q3,10-Q,2017-11-06,2016-09-30,2016-01-01,0001193125-17-333825,2645900000,71200000,0.17,0.17,180400000,912400000,null,null,6924400000,5046500000,1823200000,617600000,351800000,160800000,3191100000,null,1733500000,732000000,89600000,null
ON,0001097864,2018,FY,10-K,2019-02-20,2016-12-31,2016-01-01,0001193125-19-045025,3906900000,182100000,0.44,0.43,246800000,1300500000,null,null,7195100000,4394100000,2778800000,1028100000,581100000,210700000,2939000000,null,2606400000,1053700000,-3900000,null
ON,0001097864,2018,Q1,10-Q,2018-04-30,2017-03-31,2017-01-01,0001193125-18-141784,1436700000,78200000,0.19,0.18,183100000,503100000,null,null,7195100000,4394100000,2778800000,1028100000,208500000,52700000,3043500000,null,933600000,320000000,36300000,null
ON,0001097864,2018,Q2,10-Q,2018-07-30,2017-06-30,2017-01-01,0001193125-18-230892,null,172100000,0.41,0.4,337100000,995100000,null,null,7195100000,4394100000,2778800000,1028100000,541700000,121700000,2964100000,null,1779600000,658000000,85100000,null
ON,0001097864,2018,Q3,10-Q,2018-10-29,2017-09-29,2017-01-01,0001193125-18-310159,null,280800000,0.67,0.66,514100000,1519100000,null,null,7195100000,4394100000,2778800000,1028100000,869900000,211800000,2900100000,null,2646500000,1005000000,144500000,null
ON,0001097864,2019,FY,10-K,2020-02-19,2018-03-30,2018-01-01,0001193125-20-041751,1377600000,810700000,1.92,1.89,681600000,2035600000,null,null,7587600000,4393500000,3171600000,949200000,1094200000,387500000,3749200000,null,3507500000,1354000000,-265500000,null
ON,0001097864,2019,Q1,10-Q,2019-04-29,2018-03-30,2018-01-01,0001193125-19-124388,null,139600000,0.33,0.31,185700000,517400000,null,null,7587600000,4393500000,3171600000,949200000,226500000,99500000,2931100000,null,860200000,331700000,16400000,null
ON,0001097864,2019,Q2,10-Q,2019-08-05,2018-06-29,2018-01-01,0001193125-19-212847,null,294900000,0.69,0.66,382900000,1072400000,null,null,7587600000,4393500000,3171600000,949200000,495000000,252400000,3805800000,null,1761100000,689500000,53500000,null
ON,0001097864,2019,Q3,10-Q,2019-10-28,2018-09-28,2018-01-01,0001193125-19-275863,null,461800000,1.08,1.05,624500000,1669000000,null,null,7587600000,4393500000,3171600000,949200000,853200000,382800000,3764600000,null,2706200000,1044500000,102400000,null
ON,0001097864,2020,FY,10-K,2021-02-16,2019-03-29,2019-01-01,0001628280-21-002219,1386600000,627400000,1.48,1.44,847200000,2238700000,null,null,8425500000,5101400000,3301700000,1069600000,1274200000,514800000,3589500000,null,3639600000,1391500000,125100000,null
ON,0001097864,2020,Q1,10-Q,2020-05-11,2019-03-29,2019-01-01,0001628280-20-007369,null,114100000,0.28,0.27,179400000,513700000,null,null,8425500000,5101400000,3301700000,1069600000,138200000,157000000,4857500000,null,872900000,334300000,38200000,null
ON,0001097864,2020,Q2,10-Q,2020-08-10,2019-06-28,2019-01-01,0001628280-20-012282,null,215900000,0.52,0.52,337700000,1012700000,null,null,8425500000,5101400000,3301700000,1069600000,360800000,310500000,4853200000,null,1721600000,675000000,61500000,null
ON,0001097864,2020,Q3,10-Q,2020-11-02,2019-09-27,2019-01-01,0001628280-20-015208,null,155200000,0.38,0.37,293800000,1487900000,null,null,8425500000,5101400000,3301700000,1069600000,603000000,422200000,4348800000,null,2628200000,1194100000,36900000,null
ON,0001097864,2021,FY,10-K,2022-02-14,2019-12-31,2019-01-01,0001628280-22-002416,null,211700000,0.52,0.51,432700000,1973600000,null,null,8668000000,5109900000,3538500000,894200000,694700000,534600000,3258300000,null,3544300000,1540900000,62700000,null
ON,0001097864,2021,Q1,10-Q,2021-05-03,2020-04-03,2020-01-01,0001628280-21-008547,null,-14000000,-0.03,-0.03,18600000,402700000,null,null,8668000000,5109900000,3538500000,894200000,166000000,132300000,3435400000,null,875200000,384100000,-8200000,null
ON,0001097864,2021,Q2,10-Q,2021-08-02,2020-07-03,2020-01-01,0001628280-21-015118,null,-15400000,-0.04,-0.04,61700000,777000000,null,null,8668000000,5109900000,3538500000,894200000,320500000,205600000,3313900000,null,1714400000,715300000,-7400000,null
ON,0001097864,2021,Q3,10-Q,2021-11-01,2020-10-02,2020-01-01,0001628280-21-020929,null,145200000,0.35,0.35,180700000,1218200000,null,null,8668000000,5109900000,3538500000,894200000,483900000,267200000,3309900000,null,2590500000,1037500000,-90500000,null
ON,0001097864,2022,FY,10-K,2023-02-06,2020-12-31,2020-01-01,0001628280-23-002350,null,234200000,0.57,0.56,348700000,1715800000,null,null,9626000000,5021600000,4585400000,1080700000,884300000,383600000,3228300000,null,3539200000,1367100000,-59800000,null
ON,0001097864,2022,Q1,10-Q,2022-05-02,2021-04-02,2021-01-01,0001628280-22-011616,null,89900000,0.22,0.2,125900000,521200000,null,null,9626000000,5021600000,4585400000,1080700000,218500000,77000000,3254200000,null,960500000,395300000,7100000,null
ON,0001097864,2022,Q2,10-Q,2022-08-01,2021-07-02,2021-01-01,0001628280-22-019900,null,274000000,0.65,0.62,408100000,1161300000,null,null,9626000000,5021600000,4585400000,1080700000,706500000,181800000,3251500000,null,1990300000,753200000,45000000,null
ON,0001097864,2022,Q3,10-Q,2022-10-31,2021-10-01,2021-01-01,0001628280-22-027363,null,583700000,1.38,1.32,807300000,1882100000,null,null,9626000000,5021600000,4585400000,1080700000,1155400000,275000000,3248800000,null,3011600000,1074800000,106800000,null
ON,0001097864,2023,FY,10-K,2024-02-05,2021-12-31,2021-01-01,0001628280-24-003201,null,1009600000,2.37,2.27,1287600000,2714300000,null,null,11978500000,5771500000,6188500000,1352600000,1782000000,444600000,3379900000,null,4025500000,1426700000,146600000,null
ON,0001097864,2023,Q1,10-Q,2023-05-01,2022-04-01,2022-01-01,0001628280-23-014387,null,530200000,1.22,1.18,647200000,961300000,null,null,11978500000,5771500000,6188500000,1352600000,478600000,173800000,3514600000,null,983700000,314100000,97100000,null
ON,0001097864,2023,Q2,10-Q,2023-07-31,2022-07-01,2022-01-01,0001628280-23-026196,null,986000000,2.27,2.2,1231200000,1998400000,null,null,11978500000,5771500000,6188500000,1352600000,899400000,391900000,3499600000,null,2031600000,767200000,204500000,null
ON,0001097864,2023,Q3,10-Q,2023-10-30,2022-09-30,2022-01-01,0001628280-23-035450,null,1297900000,2.99,2.9,1655700000,3056700000,null,null,11978500000,5771500000,6188500000,1352600000,1901800000,663000000,3499500000,null,3165900000,1401000000,299400000,null
ON,0001097864,2024,FY,10-K,2025-02-10,2022-12-31,2022-01-01,0001628280-25-004557,null,1902200000,4.39,4.25,2360000000,4077200000,null,null,13215200000,5414600000,7782600000,2919000000,2633100000,1036000000,3379900000,0,4249000000,1717200000,458400000,null
ON,0001097864,2024,Q1,10-Q,2024-04-29,2023-03-31,2023-01-01,0001628280-24-018814,null,461700000,1.07,1.03,564900000,917500000,null,null,13215200000,5414600000,7782600000,2919000000,408900000,321500000,3379900000,null,1042200000,352600000,83700000,null
ON,0001097864,2024,Q2,10-Q,2024-07-29,2023-06-30,2023-01-01,0001628280-24-033229,null,1038300000,2.4,2.32,1239600000,1910900000,null,null,13215200000,5414600000,7782600000,2919000000,799700000,752100000,3379900000,0,2143200000,671300000,188100000,null
ON,0001097864,2024,Q3,10-Q,2024-10-28,2023-09-29,2023-01-01,0001628280-24-043880,null,1621000000,3.76,3.61,1926600000,2941600000,null,null,13215200000,5414600000,7782600000,2919000000,1366300000,1185100000,3379900000,0,3293300000,1015000000,302700000,null
ON,0001097864,2025,Q1,10-Q,2025-05-05,2024-03-29,2024-01-01,0001628280-25-022042,null,453000000,1.06,1.04,525200000,853600000,null,null,14089800000,5275300000,8796400000,2483000000,498700000,233900000,3379900000,300000000,1009100000,328400000,84500000,null
ON,0001097864,2025,Q2,10-Q,2025-08-04,2024-06-28,2024-01-01,0001097864-25-000013,null,791200000,1.85,1.82,913700000,1637600000,null,null,14089800000,5275300000,8796400000,2483000000,860900000,375000000,3379900000,300000000,1960300000,723900000,148200000,null
ON,0001097864,2025,Q3,10-Q,2025-11-03,2024-09-27,2024-01-01,0001097864-25-000019,null,1192900000,2.79,2.75,1359100000,2437000000,null,null,14089800000,5275300000,8796400000,2483000000,1326700000,536700000,3379900000,300000000,2922800000,1077900000,200100000,null
