ticker,cik,fy,fp,form,filed,end,start,accn,Revenues,NetIncomeLoss,EarningsPerShareBasic,EarningsPerShareDiluted,OperatingIncomeLoss,GrossProfit,ResearchAndDevelopmentExpense,SellingGeneralAndAdministrativeExpense,Assets,Liabilities,StockholdersEquity,CashAndCashEquivalentsAtCarryingValue,NetCashProvidedByUsedInOperatingActivities,PaymentsToAcquirePropertyPlantAndEquipment,LongTermDebt,ShortTermInvestments,CostOfRevenue,OperatingExpenses,IncomeTaxExpenseBenefit,AccountsReceivableNetCurrent
PANW,0001327567,2016,FY,10-K,2016-09-08,2014-07-31,2013-08-01,0001327567-16-000064,598200000,-226500000,null,null,-215300000,438600000,104800000,null,1965200000,null,487900000,310600000,88400000,null,487100000,null,null,653900000,4300000,212400000
PANW,0001327567,2016,Q1,10-Q,2015-11-24,2014-10-31,2014-08-01,0001327567-15-000036,null,-30100000,null,null,-23800000,138900000,37300000,null,1965200000,null,487900000,653800000,74900000,null,487100000,null,null,162700000,1200000,212400000
PANW,0001327567,2016,Q2,10-Q,2016-02-26,2015-01-31,2014-08-01,0001327567-16-000048,null,-73100000,null,null,-62300000,297200000,84300000,null,1965200000,null,487900000,653800000,151800000,null,487100000,null,null,359500000,500000,212400000
PANW,0001327567,2016,Q3,10-Q,2016-05-27,2015-04-30,2014-08-01,0001327567-16-000053,null,-119000000,null,null,-99000000,467000000,132700000,null,1965200000,null,487900000,653800000,239000000,null,487100000,null,null,566000000,4000000,212400000
PANW,0001327567,2017,FY,10-K,2017-09-07,2015-07-31,2014-08-01,0001327567-17-000027,928100000,-131300000,null,null,-99800000,676600000,185800000,null,2858200000,null,894900000,653800000,352800000,null,500200000,null,null,776400000,9400000,348700000
PANW,0001327567,2017,Q1,10-Q,2016-11-22,2015-10-31,2015-08-01,0001327567-16-000073,null,-39900000,null,null,-32000000,218000000,59700000,null,2858200000,null,894900000,375800000,146700000,null,500200000,null,null,250000000,4300000,348700000
PANW,0001327567,2017,Q2,10-Q,2017-03-01,2016-01-31,2015-08-01,0001327567-17-000007,null,-97200000,null,null,-82100000,458500000,133700000,null,2858200000,null,894900000,375800000,301000000,null,500200000,null,null,540600000,8200000,348700000
PANW,0001327567,2017,Q3,10-Q,2017-06-01,2016-04-30,2015-08-01,0001327567-17-000018,null,-161300000,null,null,-134600000,709400000,207700000,null,2858200000,null,894900000,375800000,471300000,null,500200000,null,null,844000000,15000000,348700000
PANW,0001327567,2018,FY,10-K,2018-09-13,2016-07-31,2015-08-01,0001327567-18-000024,1378500000,-192700000,null,null,-157300000,1008500000,284200000,null,3438300000,null,759600000,375800000,658600000,null,524700000,null,null,1165800000,20400000,432100000
PANW,0001327567,2018,Q1,10-Q,2017-11-21,2016-10-31,2016-08-01,0001327567-17-000035,null,-56900000,null,null,-49000000,296900000,84200000,null,3438300000,null,759600000,734400000,203500000,null,524700000,null,null,345900000,4400000,432100000
PANW,0001327567,2018,Q2,10-Q,2018-02-27,2017-01-31,2016-08-01,0001327567-18-000006,null,-117500000,null,null,-103400000,606300000,174100000,null,3438300000,null,759600000,734400000,417800000,null,524700000,null,null,709700000,7200000,432100000
PANW,0001327567,2018,Q3,10-Q,2018-06-05,2017-04-30,2016-08-01,0001327567-18-000014,null,-178400000,null,null,-152500000,914400000,260100000,null,3438300000,null,759600000,734400000,629000000,null,524700000,null,null,1066900000,14900000,432100000
PANW,0001327567,2019,FY,10-K,2019-09-09,2017-07-31,2016-08-01,0001327567-19-000032,null,-203000000,-0.7,-0.7,-165800000,1278700000,347400000,null,5948900000,null,1160300000,744300000,868800000,null,1920100000,896500000,null,1444500000,22900000,467000000
PANW,0001327567,2019,Q1,10-Q,2018-11-30,2017-10-31,2017-08-01,0001327567-18-000031,null,-63200000,null,null,-53500000,360500000,94200000,null,5948900000,null,1160300000,842600000,274000000,null,1920100000,896500000,null,414000000,8200000,467000000
PANW,0001327567,2019,Q2,10-Q,2019-02-27,2018-01-31,2017-08-01,0001327567-19-000008,null,-88800000,null,null,-76000000,746700000,190800000,null,5948900000,null,1160300000,915000000,518600000,null,1920100000,896500000,null,822700000,9800000,467000000
PANW,0001327567,2019,Q3,10-Q,2019-05-30,2018-04-30,2017-08-01,0001327567-19-000016,null,-129200000,null,null,-121300000,1154500000,290400000,null,5948900000,null,1160300000,949000000,760500000,null,1920100000,896500000,null,1275800000,7000000,467000000
PANW,0001327567,2020,FY,10-K,2020-09-04,2018-07-31,2017-08-01,0001327567-20-000032,null,-122200000,null,null,-104200000,1628500000,400700000,null,6592200000,null,1586300000,2506900000,1038100000,null,1430000000,1841700000,null,1732700000,16900000,582400000
PANW,0001327567,2020,Q1,10-Q,2019-11-26,2018-10-31,2018-08-01,0001327567-19-000038,null,-38300000,null,null,-32100000,472500000,113400000,null,6592200000,null,1586300000,1784400000,252300000,null,null,1841700000,null,504600000,-3500000,582400000
PANW,0001327567,2020,Q2,10-Q,2020-02-25,2019-01-31,2018-08-01,0001327567-20-000007,null,-40900000,null,null,-25500000,981100000,241700000,null,6592200000,null,1586300000,1127800000,527700000,null,null,1841700000,null,1006600000,1100000,582400000
PANW,0001327567,2020,Q3,10-Q,2020-05-22,2019-04-30,2018-08-01,0001327567-20-000017,null,-61100000,null,null,-44200000,1502800000,380800000,null,6592200000,null,1586300000,1314900000,824100000,null,null,1841700000,null,1547000000,200000,582400000
PANW,0001327567,2021,FY,10-K,2021-09-03,2019-07-31,2018-08-01,0001327567-21-000029,null,-81900000,-0.87,-0.87,-54100000,2091200000,539500000,null,9065400000,null,1101800000,961400000,1055600000,null,3084100000,789800000,null,2145300000,7300000,1037100000
PANW,0001327567,2021,Q1,10-Q,2020-11-19,2019-10-31,2019-08-01,0001327567-20-000041,null,-59600000,null,null,-51800000,554200000,170500000,null,9065400000,null,1101800000,1263700000,225200000,null,3084100000,789800000,null,606000000,5100000,1037100000
PANW,0001327567,2021,Q2,10-Q,2021-02-23,2020-01-31,2019-08-01,0001327567-21-000004,null,-133300000,null,null,-104700000,1137800000,355900000,null,9065400000,null,1101800000,2000000000,532100000,null,3084100000,789800000,null,1242500000,17700000,1037100000
PANW,0001327567,2021,Q3,10-Q,2021-05-21,2020-04-30,2019-08-01,0001327567-21-000014,null,-208100000,null,null,-161200000,1748900000,552200000,null,9065400000,null,1101800000,1484700000,702000000,null,3084100000,789800000,null,1910100000,24700000,1037100000
PANW,0001327567,2022,FY,10-K,2022-09-06,2020-07-31,2019-08-01,0001327567-22-000028,null,-267000000,-2.76,-2.76,-179000000,2408900000,768100000,null,10241600000,9478000000,634500000,2958000000,1035700000,null,3226000000,1026900000,null,2587900000,35200000,1240400000
PANW,0001327567,2022,Q1,10-Q,2021-11-19,2020-10-31,2020-08-01,0001327567-21-000040,null,-92200000,null,null,-44500000,668200000,237400000,null,10241600000,null,634500000,2142000000,534900000,null,3226000000,1026900000,null,712700000,9900000,1240400000
PANW,0001327567,2022,Q2,10-Q,2022-02-23,2021-01-31,2020-08-01,0001327567-22-000008,null,-234500000,null,null,-133300000,1377500000,504100000,null,10241600000,null,634500000,2113200000,899400000,39500000,3226000000,1026900000,null,1510800000,22200000,1240400000
PANW,0001327567,2022,Q3,10-Q,2022-05-20,2021-04-30,2020-08-01,0001327567-22-000016,null,-379600000,-3.95,-3.95,-243700000,2120800000,815100000,null,10241600000,null,634500000,1886100000,1177200000,39500000,3226000000,1026900000,null,2364500000,16900000,1240400000
PANW,0001327567,2023,FY,10-K,2023-09-01,2021-07-31,2020-08-01,0001327567-23-000024,null,-498900000,-1.73,-1.73,-304100000,2981200000,1140400000,null,12253600000,12043600000,210000000,1874200000,1503000000,null,3676800000,1516000000,null,3285300000,33900000,2142500000
PANW,0001327567,2023,Q1,10-Q,2022-11-18,2021-10-31,2021-08-01,0001327567-22-000038,null,-103600000,-0.35,-0.35,-82700000,866800000,339500000,null,12253600000,12043600000,210000000,2272900000,588900000,null,3676800000,1516000000,null,949500000,12400000,2142500000
PANW,0001327567,2023,Q2,10-Q,2023-02-22,2022-01-31,2021-08-01,0001327567-23-000006,null,-197100000,-0.67,-0.67,-156600000,1778400000,698500000,null,12253600000,12043600000,210000000,1922700000,1071500000,null,3676800000,1516000000,null,1935000000,25100000,2142500000
PANW,0001327567,2023,Q3,10-Q,2023-05-24,2022-04-30,2021-08-01,0001327567-23-000014,null,-270300000,-0.92,-0.92,-204200000,2724600000,1053900000,null,12253600000,12043600000,210000000,2419900000,1461000000,null,3676800000,1516000000,null,2928800000,45800000,2142500000
PANW,0001327567,2024,FY,10-K,2024-09-06,2022-07-31,2021-08-01,0001327567-24-000029,null,-267000000,-0.9,-0.9,-188800000,3782800000,1417700000,null,14501100000,12752700000,634500000,2118500000,1984700000,null,null,1254700000,null,3971600000,59800000,2463200000
PANW,0001327567,2024,Q1,10-Q,2023-11-17,2022-10-31,2022-08-01,0001327567-23-000032,null,20000000,0.07,0.06,15200000,1101500000,371800000,null,14501100000,12752700000,1748400000,2067200000,1236700000,null,null,1254700000,null,1086300000,14400000,2463200000
PANW,0001327567,2024,Q2,10-Q,2024-02-21,2023-01-31,2022-08-01,0001327567-24-000005,null,104200000,0.35,0.31,55100000,2290400000,775900000,null,14501100000,12752700000,1748400000,1346300000,1931300000,null,null,1254700000,null,2235300000,14600000,2463200000
PANW,0001327567,2024,Q3,10-Q,2024-05-21,2023-04-30,2022-08-01,0001327567-24-000017,null,212000000,0.7,0.63,133800000,3536500000,1189600000,null,14501100000,12752700000,1748400000,1992900000,2363400000,null,null,1254700000,null,3402700000,37800000,2463200000
PANW,0001327567,2025,FY,10-K,2025-08-29,2023-07-31,2022-08-01,0001327567-25-000027,null,439700000,0.73,0.64,387300000,4983000000,1604000000,null,19990900000,14821200000,210000000,1135300000,2777500000,null,null,1043600000,null,4595700000,126600000,2618600000
PANW,0001327567,2025,Q1,10-Q,2024-11-21,2023-10-31,2023-08-01,0001327567-24-000040,null,194200000,0.63,0.56,215200000,1405300000,409500000,null,19990900000,14821200000,1748400000,2491400000,1526000000,null,null,1043600000,null,1190100000,88400000,2618600000
PANW,0001327567,2025,Q2,10-Q,2025-02-14,2024-01-31,2023-08-01,0001327567-25-000010,null,1941100000,3.08,2.74,268800000,2881300000,857400000,null,19990900000,14821200000,1748400000,1782500000,2216000000,null,null,1043600000,null,2612500000,-1523000000,2618600000
PANW,0001327567,2025,Q3,10-Q,2025-05-21,2024-04-30,2023-08-01,0001327567-25-000017,null,2219900000,3.5,3.14,445500000,4352500000,1314600000,null,19990900000,14821200000,1748400000,1373700000,2744900000,null,null,1043600000,null,3907000000,-1550600000,2618600000
