ticker,cik,fy,fp,form,filed,end,start,accn,Revenues,NetIncomeLoss,EarningsPerShareBasic,EarningsPerShareDiluted,OperatingIncomeLoss,GrossProfit,ResearchAndDevelopmentExpense,SellingGeneralAndAdministrativeExpense,Assets,Liabilities,StockholdersEquity,CashAndCashEquivalentsAtCarryingValue,NetCashProvidedByUsedInOperatingActivities,PaymentsToAcquirePropertyPlantAndEquipment,LongTermDebt,ShortTermInvestments,CostOfRevenue,OperatingExpenses,IncomeTaxExpenseBenefit,AccountsReceivableNetCurrent
ROP,0000882835,2016,FY,10-K,2017-02-27,2014-12-31,2014-01-01,0000882835-17-000006,null,646033000,6.47,6.4,999473000,2101899000,147900000,1102426000,8400185000,4869418000,4213050000,459720000,null,null,3271222000,null,1447595000,null,275423000,488271000
ROP,0000882835,2016,Q1,10-Q,2016-05-06,2015-03-31,2015-01-01,0000882835-16-000042,null,155773000,1.55,1.54,246896000,518161000,null,271265000,10168365000,4869418000,null,610430000,null,null,null,null,347120000,null,70608000,488271000
ROP,0000882835,2016,Q2,10-Q,2016-08-05,2015-06-30,2015-01-01,0000882835-16-000046,null,327053000,3.26,3.22,498870000,1052072000,null,553202000,10168365000,4869418000,5298947000,610430000,null,null,null,null,702750000,null,129605000,488271000
ROP,0000882835,2016,Q3,10-Q,2016-11-04,2015-09-30,2015-01-01,0000882835-16-000052,null,487470000,4.85,4.8,749241000,1585555000,null,836314000,10168365000,4869418000,5298947000,610430000,null,null,null,null,1053200000,null,199441000,488271000
ROP,0000882835,2017,FY,10-K,2018-02-23,2015-12-31,2015-01-01,0000882835-18-000011,null,696067000,6.92,6.85,1027918000,2164646000,164200000,1136728000,10168365000,8536062000,4755360000,610430000,null,null,6209536000,null,1417749000,null,306278000,619854000
ROP,0000882835,2017,Q1,10-Q,2017-05-05,2016-03-31,2016-01-01,0000882835-17-000017,null,151416000,1.5,1.48,244991000,559519000,null,314528000,14324927000,8536062000,5788865000,778511000,null,null,null,null,342904000,null,66033000,619854000
ROP,0000882835,2017,Q2,10-Q,2017-08-07,2016-06-30,2016-01-01,0000882835-17-000024,null,309485000,3.06,3.02,498069000,1127039000,null,628970000,14324927000,8536062000,5788865000,778511000,376832000,null,null,null,706942000,null,132845000,619854000
ROP,0000882835,2017,Q3,10-Q,2017-11-06,2016-09-30,2016-01-01,0000882835-17-000031,null,476564000,4.71,4.65,765459000,1705532000,null,940073000,14324927000,8536062000,5788865000,778511000,693373000,null,null,null,1073593000,null,205822000,619854000
ROP,0000882835,2018,FY,10-K,2019-02-25,2016-12-31,2016-01-01,0000882835-19-000010,null,658600000,6.5,6.43,1054600000,2332400000,195400000,1277800000,14324900000,7452800000,5298900000,778500000,963800000,null,5155500000,null,1457500000,null,282000000,641700000
ROP,0000882835,2018,Q1,10-Q,2018-05-04,2017-03-31,2017-01-01,0000882835-18-000020,null,158100000,1.55,1.53,258300000,667600000,null,409300000,14316400000,7452800000,6863600000,757200000,378200000,null,null,null,418700000,null,53200000,641700000
ROP,0000882835,2018,Q2,10-Q,2018-08-06,2017-06-30,2017-01-01,0000882835-18-000034,null,337600000,3.31,3.27,552500000,1373300000,null,820800000,14316400000,7452800000,6863600000,757200000,550100000,null,null,null,847700000,null,129100000,641700000
ROP,0000882835,2018,Q3,10-Q,2018-11-05,2017-09-30,2017-01-01,0000882835-18-000067,null,527900000,5.17,5.11,863300000,2099700000,null,1236400000,14316400000,7452800000,6863600000,757200000,865700000,null,null,null,1281200000,null,203400000,641700000
ROP,0000882835,2019,FY,10-K,2020-02-28,2017-12-31,2017-01-01,0000882835-20-000006,null,971800000,9.51,9.39,1210200000,2864800000,281100000,1654600000,14316400000,7511000000,5788900000,364400000,1234500000,null,4941700000,null,1742700000,null,62900000,700800000
ROP,0000882835,2019,Q1,10-Q,2019-05-03,2018-03-31,2018-01-01,0000882835-19-000021,null,211300000,2.05,2.03,300200000,750500000,null,450300000,15249500000,7511000000,6863600000,364400000,281700000,null,null,null,452000000,null,44000000,700800000
ROP,0000882835,2019,Q2,10-Q,2019-08-02,2018-06-30,2018-01-01,0000882835-19-000037,null,439700000,4.26,4.22,654500000,1566400000,null,911900000,15249500000,7511000000,6863600000,364400000,547800000,null,null,null,929800000,null,129000000,700800000
ROP,0000882835,2019,Q3,10-Q,2019-11-01,2018-09-30,2018-01-01,0000882835-19-000050,null,687300000,6.66,6.58,1032000000,2406400000,null,1374400000,15249500000,7511000000,6863600000,364400000,966000000,null,null,null,1408500000,null,193000000,700800000
ROP,0000882835,2020,FY,10-K,2021-02-22,2018-12-31,2018-01-01,0000882835-21-000011,null,944400000,9.15,9.05,1396400000,3279500000,376900000,1883100000,15249500000,8617000000,6863600000,709700000,1430100000,null,5275300000,null,1911700000,null,254000000,791600000
ROP,0000882835,2020,Q1,10-Q,2020-05-06,2019-03-31,2019-01-01,0000882835-20-000012,null,369600000,3.57,3.53,346400000,810600000,null,464200000,18108900000,8617000000,7738500000,709700000,290300000,null,null,null,476600000,null,49600000,791600000
ROP,0000882835,2020,Q2,10-Q,2020-08-05,2019-06-30,2019-01-01,0000882835-20-000025,null,619300000,5.97,5.9,714800000,1660600000,null,945800000,18108900000,8617000000,7738500000,709700000,591100000,null,null,null,956900000,null,122200000,791600000
ROP,0000882835,2020,Q3,10-Q,2020-11-04,2019-09-30,2019-01-01,0000882835-20-000033,null,896800000,8.64,8.54,1100000000,2534200000,null,1434200000,18108900000,8617000000,7738500000,709700000,995600000,null,null,null,1437800000,null,182600000,791600000
ROP,0000882835,2021,FY,10-K,2022-02-22,2019-12-31,2019-01-01,0000882835-22-000012,null,1767900000,17.02,16.82,1328300000,3140100000,379700000,1811800000,24024800000,13545000000,7738500000,308300000,1461800000,null,9560800000,null,1587600000,null,417400000,745700000
ROP,0000882835,2021,Q1,10-Q,2021-05-05,2020-03-31,2020-01-01,0000882835-21-000018,null,240300000,2.3,2.28,349200000,856800000,null,507600000,24024800000,13545000000,9491900000,308300000,363900000,null,null,null,493900000,null,64300000,863000000
ROP,0000882835,2021,Q2,10-Q,2021-08-05,2020-06-30,2020-01-01,0000882835-21-000044,null,459500000,4.4,4.36,682800000,1700500000,null,1017700000,24024800000,13545000000,9491900000,308300000,813000000,null,null,null,955200000,null,129200000,863000000
ROP,0000882835,2021,Q3,10-Q,2021-11-04,2020-09-30,2020-01-01,0000882835-21-000067,null,693900000,6.64,6.57,930500000,2369900000,null,1439400000,24024800000,13545000000,9491900000,308300000,950900000,null,null,null,1148700000,null,171200000,745700000
ROP,0000882835,2022,FY,10-K,2023-02-27,2020-12-31,2020-01-01,0000882835-23-000016,null,949700000,9.08,8.98,1082900000,2828300000,382400000,1745400000,23713900000,12150100000,9491900000,351500000,1525100000,null,7921800000,null,1194100000,null,187500000,687600000
ROP,0000882835,2022,Q1,10-Q,2022-05-04,2021-03-31,2021-01-01,0000882835-22-000025,null,289000000,2.75,2.73,374600000,936000000,null,561400000,23713900000,12150100000,10479800000,351500000,559600000,null,null,null,440100000,null,71200000,839400000
ROP,0000882835,2022,Q2,10-Q,2022-08-03,2021-06-30,2021-01-01,0000882835-22-000060,null,575300000,5.47,5.42,633800000,1655500000,null,1021700000,23713900000,12150100000,10479800000,351500000,985100000,null,null,null,689600000,null,113500000,687600000
ROP,0000882835,2022,Q3,10-Q,2022-11-02,2021-09-30,2021-01-01,0000882835-22-000072,null,864800000,8.22,8.13,980700000,2527200000,null,1546500000,23713900000,12150100000,10479800000,351500000,1432400000,null,null,null,1050000000,null,189300000,687600000
ROP,0000882835,2023,FY,10-K,2024-02-22,2021-12-31,2021-01-01,0000882835-24-000008,null,1152600000,10.95,10.82,1241200000,3407600000,484800000,2072000000,26980800000,10943000000,10479800000,792800000,2011900000,null,6661700000,null,1426200000,null,226600000,724500000
ROP,0000882835,2023,Q1,10-Q,2023-05-03,2022-03-31,2022-01-01,0000882835-23-000025,null,2020500000,19.13,18.94,355900000,897200000,null,541300000,26980800000,10943000000,11563800000,792800000,475300000,null,null,null,382600000,null,64800000,724500000
ROP,0000882835,2023,Q2,10-Q,2023-08-03,2022-06-30,2022-01-01,0000882835-23-000045,null,2289300000,21.64,21.44,718800000,1808700000,null,1089900000,26980800000,10943000000,11563800000,792800000,411100000,null,null,null,781900000,null,156700000,724500000
ROP,0000882835,2023,Q3,10-Q,2023-11-02,2022-09-30,2022-01-01,0000882835-23-000052,null,2616300000,24.71,24.5,1112000000,2750500000,null,1638500000,26980800000,10943000000,11563800000,792800000,662900000,null,null,null,1190400000,null,235300000,724500000
ROP,0000882835,2024,FY,10-K,2025-02-24,2022-12-31,2022-01-01,0000882835-25-000008,null,4544700000,42.92,42.55,1524500000,3752800000,529800000,2228300000,28167500000,10722700000,11563800000,214300000,734600000,null,6330100000,null,1619000000,null,296400000,829900000
ROP,0000882835,2024,Q1,10-Q,2024-05-03,2023-03-31,2023-01-01,0000882835-24-000018,null,283100000,2.66,2.65,401000000,1018600000,null,617600000,28167500000,10722700000,16037800000,214300000,463700000,null,null,null,451100000,null,75800000,829900000
ROP,0000882835,2024,Q2,10-Q,2024-08-01,2023-06-30,2023-01-01,0000882835-24-000037,null,648000000,6.09,6.04,836300000,2085700000,null,1249400000,28167500000,10722700000,16037800000,214300000,783300000,null,null,null,915200000,null,178500000,829900000
ROP,0000882835,2024,Q3,10-Q,2024-11-01,2023-09-30,2023-01-01,0000882835-24-000044,null,995200000,9.34,9.27,1282400000,3182000000,null,1899600000,28167500000,10722700000,16037800000,214300000,1413300000,null,null,null,1382300000,null,275500000,829900000
ROP,0000882835,2025,Q1,10-Q,2025-05-02,2024-03-31,2024-01-01,0000882835-25-000020,null,382000000,3.57,3.54,481300000,1181000000,null,699700000,31334700000,12467100000,17444800000,188200000,531500000,null,null,null,499700000,null,101900000,885100000
ROP,0000882835,2025,Q2,10-Q,2025-08-01,2024-06-30,2024-01-01,0000882835-25-000036,null,719100000,6.72,6.66,975500000,2374300000,null,1398800000,31334700000,12467100000,17444800000,188200000,915600000,null,null,null,1023200000,null,190100000,885100000
ROP,0000882835,2025,Q3,10-Q,2025-10-31,2024-09-30,2024-01-01,0000882835-25-000045,null,1087000000,10.15,10.06,1472100000,3596000000,null,2123900000,31334700000,12467100000,17444800000,188200000,1671000000,null,null,null,1566100000,null,289400000,885100000
