ticker,cik,fy,fp,form,filed,end,start,accn,Revenues,NetIncomeLoss,EarningsPerShareBasic,EarningsPerShareDiluted,OperatingIncomeLoss,GrossProfit,ResearchAndDevelopmentExpense,SellingGeneralAndAdministrativeExpense,Assets,Liabilities,StockholdersEquity,CashAndCashEquivalentsAtCarryingValue,NetCashProvidedByUsedInOperatingActivities,PaymentsToAcquirePropertyPlantAndEquipment,LongTermDebt,ShortTermInvestments,CostOfRevenue,OperatingExpenses,IncomeTaxExpenseBenefit,AccountsReceivableNetCurrent
SNPS,0000883241,2016,FY,10-K,2016-12-12,2014-10-31,2013-11-01,0000883241-16-000027,2057472000,259124000,1.67,1.64,248717000,1600587000,718768000,null,5045739000,1911750000,2788277000,1022441000,null,103275000,null,128747000,456885000,1351870000,13018000,385694000
SNPS,0000883241,2016,Q1,10-Q,2016-02-22,2015-01-31,2014-11-01,0000883241-16-000017,542043000,null,0.42,0.41,71499000,417410000,181610000,null,5045739000,1911750000,3133989000,985762000,null,19607000,null,128747000,124633000,345911000,11426000,385694000
SNPS,0000883241,2016,Q2,10-Q,2016-05-24,2015-04-30,2014-11-01,0000883241-16-000020,1099247000,120785000,0.78,0.77,147426000,849642000,369925000,null,5045739000,1911750000,3133989000,985762000,null,43979000,null,128747000,249605000,702216000,39714000,385694000
SNPS,0000883241,2016,Q3,10-Q,2016-08-22,2015-07-31,2014-11-01,0000883241-16-000022,1655052000,176172000,1.14,1.12,208908000,1275976000,567924000,null,5045739000,1911750000,3133989000,985762000,null,67708000,null,128747000,379076000,1067068000,49520000,385694000
SNPS,0000883241,2017,FY,10-K,2017-12-14,2015-10-31,2014-11-01,0000883241-17-000014,2242211000,225934000,1.46,1.43,266466000,1723291000,776229000,null,5240365000,2045219000,3195146000,985762000,null,86965000,null,140695000,518920000,1456825000,55676000,438873000
SNPS,0000883241,2017,Q1,10-Q,2017-02-17,2016-01-31,2015-11-01,0000883241-17-000003,568604000,60035000,0.39,0.39,71110000,439160000,196705000,null,5240365000,2045219000,3195146000,836188000,null,15337000,null,140695000,129444000,368050000,4307000,438873000
SNPS,0000883241,2017,Q2,10-Q,2017-05-19,2016-04-30,2015-11-01,0000883241-17-000005,1173609000,129411000,0.85,0.84,157916000,912535000,412877000,null,5240365000,2045219000,3195146000,836188000,null,28900000,null,140695000,261074000,754619000,32154000,438873000
SNPS,0000883241,2017,Q3,10-Q,2017-08-18,2016-07-31,2015-11-01,0000883241-17-000007,1788813000,194129000,1.28,1.26,234638000,1388062000,634751000,null,5240365000,2045219000,3195146000,836188000,null,48249000,null,140695000,400751000,1153424000,52667000,438873000
SNPS,0000883241,2018,FY,10-K,2018-12-17,2016-10-31,2015-11-01,0000883241-18-000012,2422532000,266826000,1.76,1.73,317395000,1879570000,856705000,null,5396414000,2116690000,3275620000,836188000,null,66909000,null,null,542962000,1562175000,62722000,451144000
SNPS,0000883241,2018,Q1,10-Q,2018-02-23,2017-01-31,2016-11-01,0000883241-18-000002,652786000,86588000,0.57,0.56,96874000,497040000,212648000,null,5396414000,2116690000,3275620000,976620000,null,18178000,null,null,155746000,400166000,21773000,451144000
SNPS,0000883241,2018,Q2,10-Q,2018-05-25,2017-04-30,2016-11-01,0000883241-18-000005,1332855000,139894000,0.93,0.9,150480000,1015081000,435663000,null,5396414000,2116690000,3275620000,976620000,null,31195000,null,null,317774000,864601000,30487000,451144000
SNPS,0000883241,2018,Q3,10-Q,2018-08-24,2017-07-31,2016-11-01,0000883241-18-000008,2028236000,256645000,1.71,1.66,255850000,1540916000,664326000,null,5396414000,2116690000,3275620000,976620000,null,50227000,null,null,487320000,1285066000,26527000,451144000
SNPS,0000883241,2019,FY,10-K,2019-12-20,2017-10-31,2016-11-01,0000883241-19-000019,2724880000,136563000,0.91,0.88,347563000,2070696000,908841000,null,6145974000,2660959000,3479152000,723115000,632482000,70328000,null,null,654184000,1723133000,246535000,554217000
SNPS,0000883241,2019,Q1,10-Q,2019-02-25,2018-01-31,2017-11-01,0000883241-19-000008,null,-3691000,-0.02,-0.02,107718000,588270000,264411000,null,6145974000,2660959000,3479152000,723115000,null,28316000,null,null,181156000,480552000,123794000,554217000
SNPS,0000883241,2019,Q2,10-Q,2019-05-24,2018-01-31,2017-11-01,0000883241-19-000011,null,-3691000,0.66,0.64,234732000,1186327000,516545000,null,6145974000,2660959000,3479152000,723115000,null,48612000,null,null,359935000,951595000,140621000,554217000
SNPS,0000883241,2019,Q3,10-Q,2019-08-26,2018-07-31,2017-11-01,0000883241-19-000015,null,178190000,1.2,1.16,298700000,1780660000,793947000,null,6145974000,2660959000,3479152000,723115000,293481000,70469000,null,null,545316000,1481960000,133105000,554217000
SNPS,0000883241,2020,FY,10-K,2020-12-15,2018-10-31,2017-11-01,0000883241-20-000015,3121058000,432518000,2.9,2.82,360225000,2385160000,1084822000,null,6405160000,2316284000,4083013000,728597000,424399000,98976000,null,null,735898000,2024935000,-68975000,553895000
SNPS,0000883241,2020,Q1,10-Q,2020-02-21,2019-01-31,2018-11-01,0000883241-20-000006,null,153514000,1.03,1.01,147414000,627509000,271326000,null,6405160000,2316284000,4083013000,728597000,-144019000,29007000,null,null,192892000,480095000,-6459000,553895000
SNPS,0000883241,2020,Q2,10-Q,2020-05-22,2019-04-30,2018-11-01,0000883241-20-000009,null,271724000,1.82,1.77,262916000,1273072000,561625000,null,6405160000,2316284000,4083013000,728597000,208801000,68962000,null,null,383571000,1010156000,9248000,553895000
SNPS,0000883241,2020,Q3,10-Q,2020-08-21,2019-07-31,2018-11-01,0000883241-20-000012,null,371653000,2.48,2.42,390510000,1939410000,846429000,null,6405160000,2316284000,4083013000,728597000,579264000,122358000,null,null,570203000,1548900000,42230000,553895000
SNPS,0000883241,2021,FY,10-K,2021-12-13,2019-10-31,2018-11-01,0000883241-21-000022,3360694000,532367000,3.55,3.45,520231000,2607748000,1136932000,null,8030062000,3117695000,4907404000,1235653000,800513000,198129000,null,0,752946000,2087517000,13139000,780709000
SNPS,0000883241,2021,Q1,10-Q,2021-02-19,2020-01-31,2019-11-01,0000883241-21-000009,null,104061000,0.69,0.67,87516000,641513000,314283000,null,8030062000,3117695000,4907404000,1235653000,9820000,54605000,null,null,192868000,553997000,-4488000,780709000
SNPS,0000883241,2021,Q2,10-Q,2021-05-21,2020-04-30,2019-11-01,0000883241-21-000012,null,213981000,1.42,1.39,213411000,1318575000,616854000,null,8030062000,3117695000,4907404000,1235653000,389739000,80663000,null,null,377133000,1105164000,-4242000,780709000
SNPS,0000883241,2021,Q3,10-Q,2021-08-20,2020-07-31,2019-11-01,0000883241-21-000017,null,466892000,3.1,3.01,424009000,2089701000,939456000,null,8030062000,3117695000,4907404000,1235653000,789162000,120234000,null,0,570141000,1665692000,-20299000,780709000
SNPS,0000883241,2022,FY,10-K,2022-12-12,2020-10-31,2019-11-01,0000883241-22-000017,3685281000,664347000,4.4,4.27,620141000,2890591000,1279022000,null,8752260000,3453317000,5295137000,1432840000,991313000,154717000,null,147949000,794690000,2270450000,-25288000,568501000
SNPS,0000883241,2022,Q1,10-Q,2022-02-18,2021-01-31,2020-11-01,0000883241-22-000003,null,162345000,1.06,1.03,148348000,762322000,357468000,null,8752260000,3453317000,5295137000,1432840000,173958000,27779000,null,147949000,207999000,613974000,15076000,568501000
SNPS,0000883241,2022,Q2,10-Q,2022-05-20,2021-04-30,2020-11-01,0000883241-22-000011,null,357423000,2.34,2.27,342579000,1572659000,719813000,null,8752260000,3453317000,5295137000,1432840000,700296000,44060000,null,147949000,421985000,1230080000,36269000,568501000
SNPS,0000883241,2022,Q3,10-Q,2022-08-19,2021-07-31,2020-11-01,0000883241-22-000014,null,556069000,3.64,3.54,544502000,2424723000,1090959000,null,8752260000,3453317000,5295137000,1432840000,1122063000,66957000,null,147949000,627051000,1880221000,51214000,568501000
SNPS,0000883241,2023,FY,10-K,2023-12-12,2021-10-31,2020-11-01,0000883241-23-000019,null,757516000,4.96,4.81,734790000,3342416000,1504823000,null,9418087000,3858897000,5515725000,1417608000,1492622000,93764000,null,147913000,861777000,2607626000,49155000,796091000
SNPS,0000883241,2023,Q1,10-Q,2023-02-17,2022-01-31,2021-11-01,0000883241-23-000005,null,313687000,2.05,1.99,347036000,1013271000,383971000,null,9418087000,3858897000,5515725000,1417608000,155744000,41751000,null,147913000,256984000,666235000,13902000,796091000
SNPS,0000883241,2023,Q2,10-Q,2023-05-19,2022-04-30,2021-11-01,0000883241-23-000012,null,608468000,3.97,3.88,710737000,2039689000,773935000,null,9418087000,3858897000,5515725000,1417608000,905701000,67367000,null,147913000,509795000,1328952000,59798000,796091000
SNPS,0000883241,2023,Q3,10-Q,2023-08-18,2022-07-31,2021-11-01,0000883241-23-000016,null,831094000,5.43,5.31,944665000,3016274000,1218761000,null,9418087000,3858897000,5515725000,1417608000,1345395000,102934000,null,147913000,780976000,2071609000,76506000,796091000
SNPS,0000883241,2024,FY,10-K,2024-12-19,2022-10-31,2021-11-01,0000883241-24-000024,null,984594000,6.44,6.29,1148714000,3717701000,1589846000,null,10333131000,4148830000,6147308000,1433966000,1738900000,136589000,null,151639000,898013000,2568987000,139385000,856660000
SNPS,0000883241,2024,Q1,10-Q,2024-02-23,2023-01-31,2022-11-01,0000883241-24-000013,null,271536000,1.78,1.75,255932000,1076986000,465329000,null,10333131000,4148830000,6147308000,1438913000,114751000,43500000,null,151639000,284354000,821054000,10597000,946967000
SNPS,0000883241,2024,Q2,10-Q,2024-05-24,2023-04-30,2022-11-01,0000883241-24-000016,null,544446000,3.57,3.51,548998000,2012011000,899650000,null,10333131000,4148830000,6147308000,1433966000,817691000,91368000,null,151639000,484230000,1463013000,36730000,856660000
SNPS,0000883241,2024,Q3,10-Q,2024-08-23,2023-07-31,2022-11-01,0000883241-24-000021,null,880698000,5.79,5.68,849074000,3105969000,1384120000,null,10333131000,4148830000,6147308000,1433966000,1377213000,136520000,null,151639000,744662000,2256895000,29779000,856660000
SNPS,0000883241,2025,Q1,10-Q,2025-02-26,2024-01-31,2023-11-01,0000883241-25-000014,null,449112000,2.95,2.89,352626000,1231796000,525534000,null,13073561000,4050355000,8990702000,3896532000,-87790000,40391000,null,153869000,279193000,879170000,22909000,934470000
SNPS,0000883241,2025,Q2,10-Q,2025-05-28,2024-04-30,2023-11-01,0000883241-25-000017,null,741219000,4.86,4.76,684698000,2386111000,1018670000,null,13073561000,4050355000,8990702000,3896532000,388800000,78763000,10050643000,153869000,579590000,1701413000,68346000,934470000
SNPS,0000883241,2025,Q3,10-Q,2025-09-09,2024-07-31,2023-11-01,0000883241-25-000024,null,1149274000,7.52,7.37,1044909000,3621184000,1527542000,null,13073561000,4050355000,8990702000,3896532000,844211000,118772000,14340133000,153869000,870266000,2576275000,37634000,934470000
