ticker,cik,fy,fp,form,filed,end,start,accn,Revenues,NetIncomeLoss,EarningsPerShareBasic,EarningsPerShareDiluted,OperatingIncomeLoss,GrossProfit,ResearchAndDevelopmentExpense,SellingGeneralAndAdministrativeExpense,Assets,Liabilities,StockholdersEquity,CashAndCashEquivalentsAtCarryingValue,NetCashProvidedByUsedInOperatingActivities,PaymentsToAcquirePropertyPlantAndEquipment,LongTermDebt,ShortTermInvestments,CostOfRevenue,OperatingExpenses,IncomeTaxExpenseBenefit,AccountsReceivableNetCurrent
VRTX,0000875320,2016,FY,10-K,2017-02-23,2014-12-31,2014-01-01,0000875320-17-000017,580415000,-738555000,-3.14,-3.14,-692412000,null,855506000,305409000,2498587000,1404959000,939967000,569299000,-573112000,51201000,null,null,null,null,6958000,173838000
VRTX,0000875320,2016,Q1,10-Q,2016-05-03,2015-03-31,2015-01-01,0000875320-16-000078,138509000,-198606000,-0.83,-0.83,-171985000,null,215599000,85860000,2498587000,1404959000,939967000,625259000,-222236000,10558000,null,null,null,null,299000,177639000
VRTX,0000875320,2016,Q2,10-Q,2016-08-01,2015-06-30,2015-01-01,0000875320-16-000091,304585000,-387454000,-1.61,-1.61,-343149000,null,439457000,180254000,2498587000,1404959000,939967000,625259000,-332502000,23978000,null,null,null,null,30430000,177639000
VRTX,0000875320,2016,Q3,10-Q,2016-10-31,2015-09-30,2015-01-01,0000875320-16-000107,614401000,-482603000,-2,-2,-413175000,null,685741000,280026000,2498587000,1404959000,939967000,625259000,-394575000,32775000,null,null,null,null,31760000,173838000
VRTX,0000875320,2017,FY,10-K,2018-02-15,2015-12-31,2015-01-01,0000875320-18-000009,1032336000,-556334000,-2.31,-2.31,-466879000,null,995922000,376575000,2896787000,1558596000,1156582000,625259000,-365432000,45302000,null,null,null,null,30381000,200364000
VRTX,0000875320,2017,Q1,10-Q,2017-04-28,2016-03-31,2016-01-01,0000875320-17-000030,398080000,-41631000,-0.17,-0.17,-14330000,null,255860000,105214000,2896787000,1558596000,1156582000,714768000,-15137000,11974000,null,null,null,null,5485000,201083000
VRTX,0000875320,2017,Q2,10-Q,2017-07-28,2016-06-30,2016-01-01,0000875320-17-000047,829688000,-106156000,-0.43,-0.43,-10977000,null,526868000,216866000,2896787000,1558596000,1156582000,714768000,25723000,27892000,null,null,null,null,23615000,201083000
VRTX,0000875320,2017,Q3,10-Q,2017-10-30,2016-09-30,2016-01-01,0000875320-17-000060,1243471000,-144997000,-0.59,-0.59,-29704000,null,799238000,322921000,2896787000,1558596000,1156582000,714768000,91379000,41775000,null,null,null,null,24118000,201083000
VRTX,0000875320,2018,FY,10-K,2019-02-13,2016-12-31,2016-01-01,0000875320-19-000006,null,-112052000,-0.46,-0.46,9936000,null,1047690000,432829000,3546014000,1503708000,2028579000,714768000,236103000,56563000,null,null,null,null,16665000,281343000
VRTX,0000875320,2018,Q1,10-Q,2018-04-27,2017-03-31,2017-01-01,0000875320-18-000014,714718000,247756000,1.01,0.99,270842000,null,273563000,113326000,3546014000,1503708000,2028579000,1183945000,265692000,11099000,null,null,null,null,3985000,281343000
VRTX,0000875320,2018,Q2,10-Q,2018-07-26,2017-06-30,2017-01-01,0000875320-18-000022,null,265752000,1.08,1.06,323549000,null,563014000,240575000,3546014000,1503708000,2028579000,1183945000,447345000,28477000,null,null,null,null,8322000,281343000
VRTX,0000875320,2018,Q3,10-Q,2018-10-25,2017-09-30,2017-01-01,0000875320-18-000029,null,162800000,0.66,0.64,-2494000,null,1017961000,361285000,3546014000,1503708000,2028579000,1183945000,617431000,56437000,null,null,null,null,-117581000,281343000
VRTX,0000875320,2019,FY,10-K,2020-02-13,2017-12-31,2017-01-01,0000875320-20-000007,null,263484000,1.06,1.04,123243000,null,1324625000,496079000,6245898000,1810695000,null,1183945000,844942000,99421000,null,null,null,null,-107324000,409688000
VRTX,0000875320,2019,Q1,10-Q,2019-05-01,2018-03-31,2018-01-01,0000875320-19-000019,null,210263000,0.83,0.81,128901000,null,310553000,129808000,6245898000,1810695000,null,1665412000,252657000,29279000,null,null,null,null,-12659000,409688000
VRTX,0000875320,2019,Q2,10-Q,2019-08-01,2018-06-30,2018-01-01,0000875320-19-000037,null,417623000,1.65,1.61,301779000,null,648085000,267111000,6245898000,1810695000,null,1665412000,574360000,58891000,null,null,null,null,-2318000,409688000
VRTX,0000875320,2019,Q3,10-Q,2019-10-31,2018-09-30,2018-01-01,0000875320-19-000057,null,546369000,2.15,2.11,507428000,null,978595000,404406000,6245898000,1810695000,null,1665412000,955708000,79803000,null,null,null,null,5737000,409688000
VRTX,0000875320,2020,FY,10-K,2021-02-11,2018-12-31,2018-01-01,0000875320-21-000006,null,2096896000,8.24,8.09,635150000,null,1416476000,557616000,8318465000,2233221000,null,1665412000,1270286000,95449000,null,null,null,null,-1486862000,633518000
VRTX,0000875320,2020,Q1,10-Q,2020-05-01,2019-03-31,2019-01-01,0000875320-20-000019,null,268631000,1.05,1.03,276808000,null,339490000,147045000,8318465000,2233221000,null,2650134000,324784000,18041000,null,null,null,null,51534000,633518000
VRTX,0000875320,2020,Q2,10-Q,2020-07-31,2019-06-30,2019-01-01,0000875320-20-000030,null,536058000,2.09,2.06,546768000,null,718581000,303547000,8318465000,2233221000,null,2650134000,788533000,34399000,null,null,null,null,111245000,633518000
VRTX,0000875320,2020,Q3,10-Q,2020-10-30,2019-09-30,2019-01-01,0000875320-20-000043,null,593576000,2.32,2.28,646101000,null,1274529000,463221000,8318465000,2233221000,4435203000,2650134000,1123322000,58690000,null,null,null,null,124393000,633518000
VRTX,0000875320,2021,FY,10-K,2022-02-09,2019-12-31,2019-01-01,0000875320-22-000007,null,1176800000,4.58,4.51,1197500000,null,1754500000,658500000,11751800000,3065000000,4435200000,2650100000,1569300000,75400000,null,null,null,null,218100000,885400000
VRTX,0000875320,2021,Q1,10-Q,2021-04-30,2020-03-31,2020-01-01,0000875320-21-000015,null,602753000,2.32,2.29,720224000,null,448528000,182258000,11751808000,3064993000,6085244000,3109322000,815698000,19450000,null,null,null,null,54781000,885352000
VRTX,0000875320,2021,Q2,10-Q,2021-07-30,2020-06-30,2020-01-01,0000875320-21-000027,null,1440023000,5.54,5.46,1438257000,null,869456000,374062000,11751808000,3064993000,6085244000,3109322000,1854225000,37314000,null,null,null,null,42281000,885352000
VRTX,0000875320,2021,Q3,10-Q,2021-11-03,2020-09-30,2020-01-01,0000875320-21-000033,null,2107457000,8.1,7.98,2110498000,null,1362953000,558613000,11751808000,3064993000,6085244000,3109322000,2761973000,212109000,null,null,null,null,120718000,885352000
VRTX,0000875320,2022,FY,10-K,2023-02-10,2020-12-31,2020-01-01,0000875320-23-000007,null,2711700000,10.44,10.29,2856300000,null,null,770500000,13432500000,3332500000,6085200000,3109300000,3253500000,259800000,null,null,null,null,405200000,1136800000
VRTX,0000875320,2022,Q1,10-Q,2022-05-06,2021-03-31,2021-01-01,0000875320-22-000014,null,653100000,2.52,2.49,887800000,null,456000000,192100000,13432500000,3332500000,8686800000,5988200000,921000000,70900000,null,null,null,null,167800000,1136800000
VRTX,0000875320,2022,Q2,10-Q,2022-08-05,2021-06-30,2021-01-01,0000875320-22-000030,null,720100000,2.78,2.75,849900000,null,null,386700000,13432500000,3332500000,8686800000,5988200000,721300000,120800000,null,null,null,null,56600000,1136800000
VRTX,0000875320,2022,Q3,10-Q,2022-10-28,2021-09-30,2021-01-01,0000875320-22-000038,null,1572000000,6.08,6.03,1904400000,null,null,584900000,13432500000,3332500000,8686800000,5988200000,1648500000,173200000,null,null,null,null,287500000,1136800000
VRTX,0000875320,2023,FY,10-K,2024-02-15,2021-12-31,2021-01-01,0000875320-24-000062,null,2342100000,9.09,9.01,2782100000,null,null,840100000,18150900000,4238200000,8686800000,5988200000,2643500000,235000000,null,null,null,null,388300000,1442200000
VRTX,0000875320,2023,Q1,10-Q,2023-05-02,2022-03-31,2022-01-01,0000875320-23-000012,null,762100000,2.99,2.96,1040900000,null,null,215200000,18150900000,4238200000,10100000000,6795000000,956200000,63600000,null,null,null,null,192700000,1442200000
VRTX,0000875320,2023,Q2,10-Q,2023-08-02,2022-06-30,2022-01-01,0000875320-23-000021,null,1572600000,6.15,6.09,2147200000,null,null,430500000,18150900000,4238200000,10100000000,6795000000,2096000000,116900000,null,null,null,null,406600000,1442200000
VRTX,0000875320,2023,Q3,10-Q,2023-11-07,2022-09-30,2022-01-01,0000875320-23-000031,null,2503100000,9.78,9.68,3273900000,null,null,677300000,18150900000,4238200000,10100000000,6795000000,3051500000,171100000,null,null,null,null,652500000,1442200000
VRTX,0000875320,2024,FY,10-K,2025-02-13,2022-12-31,2022-01-01,0000875320-25-000053,null,3322000000,12.97,12.82,4307400000,null,null,944700000,22730200000,5149800000,10100000000,6795000000,4129900000,204700000,null,null,null,null,910400000,1563400000
VRTX,0000875320,2024,Q1,10-Q,2024-05-07,2023-03-31,2023-01-01,0000875320-24-000139,null,699800000,2.72,2.69,779000000,null,null,241100000,22730200000,5149800000,13912700000,10504000000,899900000,42100000,null,null,null,null,191700000,1563400000
VRTX,0000875320,2024,Q2,10-Q,2024-08-02,2023-06-30,2023-01-01,0000875320-24-000198,null,1615500000,6.27,6.21,1805400000,null,null,503700000,22730200000,5149800000,13912700000,10504000000,2034300000,101700000,null,null,null,null,437500000,1563400000
VRTX,0000875320,2024,Q3,10-Q,2024-11-05,2023-09-30,2023-01-01,0000875320-24-000223,null,2650800000,10.29,10.18,2843500000,null,null,767500000,22730200000,5149800000,13912700000,10504000000,3302700000,142300000,null,null,null,null,581400000,1563400000
VRTX,0000875320,2025,Q1,10-Q,2025-05-06,2024-03-31,2024-01-01,0000875320-25-000192,null,1099600000,4.26,4.21,1139500000,null,null,342700000,22533200000,6123600000,17580400000,10369100000,1306600000,68400000,null,null,null,null,179500000,1609400000
VRTX,0000875320,2025,Q2,10-Q,2025-08-05,2024-06-30,2024-01-01,0000875320-25-000216,null,-2494000000,-9.66,-9.66,-2375200000,null,null,714900000,22533200000,6123600000,17580400000,10369100000,-2447000000,137400000,null,null,null,null,381900000,1609400000
VRTX,0000875320,2025,Q3,10-Q,2025-11-04,2024-09-30,2024-01-01,0000875320-25-000232,null,-1448600000,-5.61,-5.61,-1258900000,null,null,1086700000,22533200000,6123600000,17580400000,10369100000,-1077200000,205100000,null,null,null,null,560600000,1609400000
