ticker,cik,fy,fp,form,filed,end,start,accn,Revenues,NetIncomeLoss,EarningsPerShareBasic,EarningsPerShareDiluted,OperatingIncomeLoss,GrossProfit,ResearchAndDevelopmentExpense,SellingGeneralAndAdministrativeExpense,Assets,Liabilities,StockholdersEquity,CashAndCashEquivalentsAtCarryingValue,NetCashProvidedByUsedInOperatingActivities,PaymentsToAcquirePropertyPlantAndEquipment,LongTermDebt,ShortTermInvestments,CostOfRevenue,OperatingExpenses,IncomeTaxExpenseBenefit,AccountsReceivableNetCurrent
WBD,0001437107,2016,FY,10-K,2017-02-14,2014-12-31,2014-01-01,0001437107-17-000007,null,1139000000,null,null,2061000000,null,null,1692000000,15864000000,10172000000,null,408000000,null,120000000,7735000000,null,2124000000,null,610000000,null
WBD,0001437107,2016,Q1,10-Q,2016-05-05,2015-03-31,2015-01-01,0001437107-16-000072,1537000000,250000000,null,null,482000000,null,null,400000000,15864000000,10172000000,null,367000000,null,34000000,7735000000,null,565000000,null,125000000,null
WBD,0001437107,2016,Q2,10-Q,2016-08-02,2015-06-30,2015-01-01,0001437107-16-000084,3191000000,536000000,null,null,1039000000,null,null,830000000,15864000000,10172000000,null,367000000,null,52000000,7735000000,null,1129000000,null,264000000,null
WBD,0001437107,2016,Q3,10-Q,2016-11-01,2015-09-30,2015-01-01,0001437107-16-000106,4748000000,815000000,null,null,1544000000,null,null,1224000000,15864000000,10172000000,null,367000000,null,76000000,7735000000,null,1703000000,null,394000000,null
WBD,0001437107,2017,FY,10-K,2018-02-28,2015-12-31,2015-01-01,0001437107-18-000028,null,1034000000,null,null,1985000000,null,null,1669000000,15672000000,10262000000,null,367000000,null,103000000,7923000000,null,2343000000,null,511000000,null
WBD,0001437107,2017,Q1,10-Q,2017-05-09,2016-03-31,2016-01-01,0001437107-17-000017,1561000000,263000000,null,null,489000000,null,null,408000000,15672000000,10262000000,null,390000000,null,15000000,7923000000,null,592000000,null,111000000,null
WBD,0001437107,2017,Q2,10-Q,2017-08-04,2016-06-30,2016-01-01,0001437107-17-000030,3269000000,671000000,null,null,1075000000,null,null,808000000,15672000000,10262000000,null,390000000,null,43000000,7923000000,null,1195000000,null,206000000,null
WBD,0001437107,2017,Q3,10-Q,2017-11-02,2016-09-30,2016-01-01,0001437107-17-000063,4825000000,890000000,null,null,1533000000,null,null,1227000000,15672000000,10262000000,null,390000000,null,69000000,7923000000,null,1787000000,null,302000000,null
WBD,0001437107,2018,FY,10-K,2019-03-01,2016-12-31,2016-01-01,0001437107-19-000013,6497000000,1194000000,null,null,2058000000,null,null,1690000000,22555000000,17532000000,4610000000,390000000,1380000000,88000000,14785000000,null,2432000000,null,453000000,null
WBD,0001437107,2018,Q1,10-Q,2018-05-10,2017-03-31,2017-01-01,0001437107-18-000059,1613000000,215000000,null,null,487000000,null,null,415000000,22555000000,17532000000,4610000000,300000000,255000000,47000000,14785000000,null,607000000,null,55000000,null
WBD,0001437107,2018,Q2,10-Q,2018-08-08,2017-06-30,2017-01-01,0001437107-18-000076,3358000000,589000000,null,null,1117000000,null,null,804000000,22555000000,17532000000,4610000000,300000000,443000000,78000000,14785000000,null,1241000000,null,148000000,null
WBD,0001437107,2018,Q3,10-Q,2018-11-09,2017-09-30,2017-01-01,0001437107-18-000091,5009000000,807000000,null,null,1550000000,null,null,1261000000,22555000000,17532000000,4610000000,300000000,1167000000,103000000,14785000000,null,1911000000,null,89000000,null
WBD,0001437107,2019,FY,10-K,2020-02-27,2017-12-31,2017-01-01,0001437107-20-000006,null,-337000000,null,null,713000000,null,null,1768000000,32550000000,22033000000,8386000000,986000000,1629000000,135000000,16793000000,null,null,null,176000000,null
WBD,0001437107,2019,Q1,10-Q,2019-05-02,2018-03-31,2018-01-01,0001437107-19-000026,2307000000,-8000000,null,null,204000000,null,null,609000000,32550000000,22033000000,8386000000,986000000,160000000,48000000,16793000000,null,1060000000,null,-20000000,null
WBD,0001437107,2019,Q2,10-Q,2019-08-06,2018-06-30,2018-01-01,0001437107-19-000039,5152000000,208000000,null,null,854000000,null,null,1296000000,32550000000,22033000000,8386000000,986000000,716000000,82000000,16793000000,null,2055000000,null,103000000,null
WBD,0001437107,2019,Q3,10-Q,2019-11-07,2018-09-30,2018-01-01,0001437107-19-000050,7744000000,325000000,null,null,1223000000,null,null,1963000000,32550000000,22033000000,8386000000,986000000,1647000000,106000000,16793000000,null,2989000000,null,146000000,null
WBD,0001437107,2020,FY,10-K,2021-02-22,2018-12-31,2018-01-01,0001437107-21-000018,null,594000000,null,null,1934000000,null,null,2620000000,33735000000,21769000000,9891000000,1552000000,2576000000,147000000,15419000000,null,null,null,341000000,null
WBD,0001437107,2020,Q1,10-Q,2020-05-06,2019-03-31,2019-01-01,0001437107-20-000026,2707000000,384000000,null,null,774000000,null,null,626000000,33735000000,21769000000,9891000000,1552000000,542000000,44000000,15419000000,null,930000000,null,153000000,null
WBD,0001437107,2020,Q2,10-Q,2020-08-05,2019-06-30,2019-01-01,0001437107-20-000069,5592000000,1331000000,null,null,1685000000,null,null,1335000000,33735000000,21769000000,9891000000,1552000000,1216000000,122000000,15419000000,null,1868000000,null,-118000000,null
WBD,0001437107,2020,Q3,10-Q,2020-11-06,2019-09-30,2019-01-01,0001437107-20-000089,8270000000,1593000000,null,null,2304000000,null,null,1995000000,33735000000,21769000000,9891000000,1552000000,2167000000,189000000,15419000000,null,2782000000,null,29000000,null
WBD,0001437107,2021,FY,10-K,2022-02-24,2019-12-31,2019-01-01,0001437107-22-000031,null,2069000000,null,null,3009000000,null,null,2788000000,34087000000,21704000000,10464000000,2091000000,3399000000,289000000,15404000000,null,null,null,81000000,null
WBD,0001437107,2021,Q1,10-Q,2021-04-29,2020-03-31,2020-01-01,0001437107-21-000088,2683000000,377000000,null,null,779000000,null,null,645000000,34087000000,21704000000,10464000000,2091000000,335000000,105000000,15404000000,null,918000000,null,130000000,null
WBD,0001437107,2021,Q2,10-Q,2021-08-03,2020-06-30,2020-01-01,0001437107-21-000166,5224000000,648000000,null,null,1496000000,null,null,1280000000,34087000000,21704000000,10464000000,2091000000,1326000000,217000000,15404000000,null,1728000000,null,286000000,null
WBD,0001437107,2021,Q3,10-Q,2021-11-03,2020-09-30,2020-01-01,0001437107-21-000183,7785000000,948000000,null,null,2027000000,null,null,1913000000,34087000000,21704000000,10464000000,2091000000,2186000000,290000000,15404000000,null,2731000000,null,275000000,null
WBD,0001437107,2022,FY,10-K,2023-02-24,2020-12-31,2020-01-01,0001437107-23-000019,null,1219000000,1.82,1.81,2515000000,null,null,2722000000,34427000000,21031000000,11599000000,3905000000,2739000000,402000000,14759000000,null,null,null,373000000,null
WBD,0001437107,2022,Q1,10-Q,2022-04-26,2021-03-31,2021-01-01,0001437107-22-000138,2792000000,140000000,0.21,0.21,396000000,null,null,1051000000,34427000000,21031000000,11599000000,3905000000,269000000,90000000,14759000000,null,969000000,null,106000000,null
WBD,0001437107,2022,Q2,10-Q,2022-08-05,2021-06-30,2021-01-01,0001437107-22-000209,5854000000,812000000,1.23,1.22,1175000000,null,null,2003000000,34427000000,21031000000,11599000000,3905000000,1103000000,167000000,14759000000,null,2024000000,null,108000000,null
WBD,0001437107,2022,Q3,10-Q,2022-11-04,2021-09-30,2021-01-01,0001437107-22-000231,9004000000,968000000,1.47,1.46,1504000000,null,null,2947000000,34427000000,21031000000,11599000000,3905000000,1914000000,273000000,14759000000,null,3553000000,null,144000000,null
WBD,0001437107,2023,FY,10-K,2024-02-23,2021-12-31,2021-01-01,0001437107-24-000017,null,1006000000,1.55,1.54,2012000000,null,null,4016000000,134001000000,85334000000,47095000000,3731000000,2798000000,373000000,48999000000,null,null,null,236000000,null
WBD,0001437107,2023,Q1,10-Q,2023-05-05,2022-03-31,2022-01-01,0001437107-23-000077,3159000000,456000000,0.69,0.69,353000000,null,null,1040000000,134001000000,85334000000,47095000000,3731000000,323000000,85000000,48999000000,null,null,null,201000000,null
WBD,0001437107,2023,Q2,10-Q,2023-08-03,2022-06-30,2022-01-01,0001437107-23-000144,12986000000,-2962000000,-2.09,-2.09,-3286000000,null,null,4578000000,134001000000,85334000000,47095000000,3731000000,1334000000,307000000,48999000000,null,null,null,-635000000,null
WBD,0001437107,2023,Q3,10-Q,2023-11-08,2022-09-30,2022-01-01,0001437107-23-000173,22809000000,-5270000000,-3,-3,-5476000000,null,null,7167000000,134001000000,85334000000,47095000000,3731000000,1458000000,623000000,48999000000,null,null,null,-1201000000,null
WBD,0001437107,2024,FY,10-K,2025-02-27,2022-12-31,2022-01-01,0001437107-25-000031,null,-7371000000,-3.82,-3.82,-7370000000,null,null,9678000000,122757000000,76285000000,45226000000,3780000000,4304000000,987000000,43669000000,null,null,null,-1663000000,null
WBD,0001437107,2024,Q1,10-Q,2024-05-09,2023-03-31,2023-01-01,0001437107-24-000110,null,-1069000000,-0.44,-0.44,-557000000,null,null,2388000000,122757000000,76285000000,45226000000,3780000000,-631000000,299000000,43669000000,null,null,null,-178000000,null
WBD,0001437107,2024,Q2,10-Q,2024-08-07,2023-06-30,2023-01-01,0001437107-24-000165,null,-2309000000,-0.95,-0.95,-1463000000,null,null,4950000000,122757000000,76285000000,45226000000,3780000000,1383000000,591000000,43669000000,null,null,null,-438000000,null
WBD,0001437107,2024,Q3,10-Q,2024-11-07,2023-09-30,2023-01-01,0001437107-24-000187,null,-2726000000,-1.12,-1.12,-1366000000,null,null,7241000000,122757000000,76285000000,45226000000,3780000000,3899000000,1048000000,43669000000,null,null,null,-563000000,null
WBD,0001437107,2025,Q1,10-Q,2025-05-08,2024-03-31,2024-01-01,0001437107-25-000096,null,-966000000,-0.4,-0.4,-267000000,null,null,2232000000,104560000000,69622000000,34037000000,5312000000,585000000,195000000,39505000000,null,null,null,136000000,null
WBD,0001437107,2025,Q2,10-Q,2025-08-07,2024-06-30,2024-01-01,0001437107-25-000192,null,-10952000000,-4.48,-4.48,-10475000000,null,null,4693000000,104560000000,69622000000,34037000000,5312000000,1813000000,447000000,39505000000,null,null,null,129000000,null
WBD,0001437107,2025,Q3,10-Q,2025-11-06,2024-09-30,2024-01-01,0001437107-25-000216,null,-10817000000,-4.42,-4.42,-10194000000,null,null,7078000000,104560000000,69622000000,34037000000,5312000000,2660000000,662000000,39505000000,null,null,null,-190000000,null
